3059 4925
263 337 310 412 99
628 349 632 388 ῑ
690 353 978 409 susurramus

264 509 376 594 pertos
390 524 465 571 esse
478 511 589 572 monet
603 504 768 570 Horatius
780 506 803 569 l.
817 506 839 569 l.
856 509 891 569 at
904 506 1037 589 quinam
1051 506 1085 570 hi
1104 506 1226 572 fuerint
1238 495 1368 590 ignora·

230 593 241 601 ’
263 626 349 675 mus.
394 607 610 682 Gasaubonus
632 610 697 674 hue
707 610 806 673 refert
822 607 955 672 Siccium
973 605 1158 671 Nicanorem
1172 615 1206 674 et
1221 606 1380 676 Leucum.

263 711 531 793 Grammaticos3
554 732 693 797 quorum
711 713 839 778 Satires
858 713 944 777 sorte
961 734 1029 777 nun
1047 712 1241 778 Lucilianus
1263 714 1366 779 fuisse

264 829 369 900 supra
390 815 546 881 diximus.
592 814 716 879 Omisit
739 820 849 879 autem
875 813 1095 894 Auuormu,
1129 836 1227 899 quem
1249 836 1308 880 nos
1333 818 1367 881 iu

264 920 378 983 borum
400 920 511 984 locum
531 919 762 983 substituimus
786 939 830 981 ex
844 917 996 984 Varrone
1022 920 1063 983 de
1081 920 1134 984 Re
1149 919 1248 985 Rust.
1265 938 1321 984 111.
1332 921 1366 986 2.

262 1040 289 1086 s
306 1020 359 1087 17.
383 1021 524 1088 ‘Nonne
549 1022 627 1086 item
650 1022 690 1085 Ι..
706 1019 863 1085 Albutius
882 1021 981 1085 homo
1004 1024 1054 1100 (ut
1082 1021 1191 1105 scitis)
1216 1025 1367 1107 apprime

263 1126 396 1205 doctus,
420 1126 517 1210 cujus
533 1124 706 1190 Luciliano
726 1125 915 1189 charactere
938 1131 1015 1190 suut
1041 1125 1157 1205 libelli,
1180 1125 1310 1192 dicebat
1330 1128 1367 1193 in

261 1226 395 1293 Albano
422 1228 562 1293 fundum
585 1247 681 1294 suum
704 1228 915 1313 pastionibus
942 1249 1072 1313 semper
1095 1229 1185 1295 uinci
1212 1250 1234 1293 a
1257 1229 1365 1296 villal

262 1351 378 1415 agrum
391 1333 478 1396 enim
492 1332 598 1398 ibinus
612 1331 698 1396 dena
711 1332 816 1396 millia
829 1331 974 1410 reddere,
997 1332 1112 1397 villam
1133 1334 1209 1416 plus
1227 1332 1366 1398 vicena?

261 1433 303 1499 In
324 1435 460 1518 optimis
473 1431 634 1499 Varronis
661 1434 833 1499 codicibus
856 1432 1163 1517 legitur'Abuccius,
1192 1440 1230 1499 ut
1251 1441 1286 1500 et
1306 1452 1364 1500 111.

260 1538 294 1602 6.
308 1538 342 1601 6.
357 1538 418 1602 sed
430 1556 622 1622 praenomen
635 1536 731 1614 forte,
753 1558 819 1602 non
833 1557 950 1601 nomeu
965 1537 1202 1601 emendandum
1221 1544 1253 1602 et
1266 1558 1365 1622 repo-

259 1639 404 1703 nendum
431 1637 466 1702 Y.
482 1638 631 1704 Albutius
655 1659 683 1704 s.
700 1638 862 1705 Albucius.
907 1641 943 1706 Is
968 1641 1032 1707 suit
1053 1641 1193 1725 aequalis
1219 1633 1363 1720 Lucilio,
1407 1709 1410 1714 ,

262 1743 320 1826 qui
330 1744 456 1826 passim
471 1744 544 1828 ejus
558 1742 704 1806 meminit
718 1744 751 1807 in
773 1743 901 1822 Satiris,
923 1743 973 1830 (u.
989 1765 1019 1808 c.
1035 1764 1090 1827 ap.
1106 1742 1178 1807 Cic.
1198 1743 1272 1806 Fin.
1289 1761 1314 1807 1.
1329 1744 1363 1809 3

260 1851 295 1910 et
317 1844 408 1910 Orat.
428 1844 501 1931 44.)
532 1846 722 1929 Propraetor
737 1845 901 1911 Sardiniae
925 1866 956 1910 a.
973 1844 1017 1909 U.
1033 1867 1062 1911 c.
1077 1845 1154 1910 648.
1175 1844 1265 1931 (Cic.
1282 1845 1364 1911 Diu.

256 1948 314 2014 19.
329 1950 401 2015 Pis.
417 1949 470 2015 38.
494 1948 559 2013 Off.
576 1966 617 2011 11.
632 1948 685 2013 14.
701 1948 802 2015 Prov-
816 1951 848 2013 7.
863 1949 957 2014 Brut.
971 1949 1040 2028 26.)
1058 1947 1223 2032 perlectus
1238 1935 1364 2032 Epicuss

256 2071 335 2117 reus
353 2059 387 2118 et
412 2072 509 2137 paene
532 2051 684 2129 Graecus,
708 2052 766 2134 qui
791 2052 934 2135 primum
957 2051 1161 2128 adolescens,
1192 2056 1226 2114 et
1245 2054 1365 2133 postea

208 2159 217 2176 ⁴
258 2155 337 2219 exul
350 2153 491 2220 Athenis
504 2155 602 2219 vixit.
624 2152 711 2229 (Cic.
726 2154 820 2218 Brut.
834 2154 889 2217 35.
903 2158 936 2216 et
949 2153 1049 2217 Tusc.
1065 2152 1132 2231 Qu.
1147 2173 1180 2216 v.
1193 2154 1262 2231 37.)

303 2257 439 2323 Horatii
455 2263 553 2322 aetate
568 2257 591 2321 J
595 2274 710 2322 uerus
727 2256 893 2333 Fuonus,
908 2261 952 2334 et,
969 2257 998 2320 si
1009 2255 1173 2340 Porphyr.
1185 2256 1228 2319 ad
1241 2255 1362 2321 Horat.

258 2360 368 2445 Epist.
383 2380 408 2425 1.
422 2363 455 2427 3.
470 2361 553 2426 fides
567 2362 729 2439 habenda,
754 2365 764 2393 ‘
779 2361 834 2424 hic
850 2361 970 2424 Florus
983 2360 1046 2426 fuit
1059 2360 1239 2424 Satirarum
1255 2361 1363 2443 scrip⁵

179 2534 182 2541 ,
255 2469 318 2543 tur,
329 2466 425 2550 cujus
440 2472 518 2531 sunt
531 2466 648 2531 electae
664 2486 709 2531 ex
724 2465 844 2543 Ennio,
855 2465 997 2542 Lucilio,
1011 2471 1044 2529 et
1058 2461 1211 2529 Varrone
1221 2461 1239 2528 :'
1262 2461 1363 2552 adeo·

256 2586 321 2651 que
335 2567 466 2632 diversa
480 2566 599 2632 Satirae
611 2588 731 2650 genera
738 2568 893 2633 tractavit
906 2568 961 2631 vel
971 2566 1114 2632 miscuit.
1138 2565 1180 2629 Ei
1190 2567 1360 2650 inscriptae

256 2675 334 2734 sumt
348 2670 468 2736 Horat.
484 2670 593 2756 Epist.
609 2689 664 2736 111.
680 2673 702 2736 l.
720 2689 743 2736 1.
759 2678 793 2736 et
806 2688 846 2735 11.
862 2671 885 2734 l.
903 2688 943 2733 11.
958 2691 1002 2734 ex
1017 2670 1137 2752 quibus
1159 2668 1208 2756 (et
1225 2669 1361 2753 quidem

257 2790 302 2836 ex
317 2772 381 2857 Ep.
398 2792 453 2839 111.
469 2775 522 2841 2l.
537 2775 592 2840 24.
607 2782 641 2841 et
657 2792 696 2839 11.
711 2776 764 2842 59.
780 2772 853 2860 60.)
887 2773 1107 2838 casaubonus
1128 2792 1206 2856 pag.
1228 2773 1304 2838 230.
1326 2778 1362 2838 et

256 2872 454 2940 Wielandus
477 2876 537 2962 (ad
561 2877 684 2944 Horat.
699 2878 764 2963 Ep.
788 2877 829 2942 T.
852 2895 891 2941 11.
905 2899 939 2961 p.
954 2876 1044 2953 129.)
1067 2876 1259 2960 conjiciunt,
1284 2892 1362 2940 eum

254 2995 320 3042 non
334 2981 398 3044 nisi
412 2981 558 3067 Ἐρωτικὰ
582 2983 766 3066 scripsisse.
810 2980 980 3063 Ingenium
1002 2985 1112 3044 tamen
1132 2977 1206 3062 ejus
1232 2979 1361 3043 varium

254 3081 356 3146 fuisse
388 3088 422 3147 ct
451 3084 494 3146 ad
522 3084 653 3148 diversa
678 3082 843 3148 scribendi
870 3101 989 3164 genera
1016 3088 1142 3164 aptum,
1173 3099 1218 3144 ex
1242 3082 1362 3146 eadem

254 3182 361 3268 Epist.
378 3203 433 3249 111.
448 3188 502 3251 22.
518 3206 586 3269 seq.
603 3187 825 3270 cognoscitur:
841 3206 883 3250 ex
899 3205 965 3269 quo
982 3184 1060 3248 loco
1074 3185 1174 3248 etiam
1187 3182 1361 3267 probabile

249 3285 303 3365 fit,
327 3286 368 3351 de
391 3289 509 3352 eodem
532 3287 632 3352 Floro
656 3289 751 3371 loqui
776 3287 914 3366 Quintil.
931 3304 970 3350 x.
985 3286 1084 3354 312.
1101 3305 1169 3370 seq.
1196 3291 1228 3350 et
1242 3286 1359 3351 Senes.

252 3386 410 3456 Controv.
427 3408 523 3455 xxv.
553 3390 623 3454 Hic
634 3396 803 3468 memorat,
818 3411 895 3454 eum
906 3390 1179 3469 declamatorem
1198 3388 1253 3452 ifle
1265 3409 1357 3468 uero,

252 3510 329 3556 eum
341 3494 524 3577 prinoipem
538 3493 574 3557 in
588 3494 777 3578 eloquentia
791 3493 979 3558 Galliarum
998 3495 1032 3556 et
1055 3491 1139 3556 inter
1158 3511 1287 3574 paucos
1306 3491 1358 3555 di·

251 3596 504 3662 sermmfuisse.
1346 3582 1349 3587 ’

295 3694 383 3762 Post
396 3698 576 3763 Horatium
597 3705 719 3783 praeter
735 3696 880 3764 Persium
902 3702 935 3763 et
949 3694 1150 3775 Juveuulem,
1177 3697 1357 3781 horumque

251 3802 362 3879 aetate,
384 3803 478 3866 multi
493 3802 549 3865 alii
569 3802 721 3867 exstitere
735 3802 916 3868 Satirarum
931 3803 1118 3884 scriptores
1145 3796 1276 3873 Turnus,
1293 3795 1357 3863 Le·

250 3897 332 3980 nius,
358 3899 466 3981 Silius,
499 3901 649 3985 sulpicia,
690 3901 802 3983 Tucca,
834 3901 978 3966 Manlius
1011 3900 1168 3986 Vopiscus,
1208 3902 1290 3967 forte
1321 3904 1359 3967 eb

252 3999 360 4067 Julius
377 4001 494 4085 Rufus,
517 4004 684 4085 Cornutus,
712 4004 834 4070 Gavius
854 4005 978 4082 Bassus,
1002 4012 1035 4071 et
1061 4003 1213 4068 Rabirius
1236 4025 1264 4069 s.
1284 3999 1355 4067 Ru·

250 4100 348 4186 brius,
363 4108 499 4190 aliique,
522 4128 608 4192 quos
626 4108 717 4175 fama
729 4112 872 4177 obseura
889 4111 1046 4175 recondit.
1091 4107 1247 4188 (Quintil.
1269 4122 1308 4171 X.
1322 4106 1354 4172 1.

251 4215 279 4273 s·
293 4209 348 4276 94.
369 4211 515 4279 laudatis
528 4211 670 4294 Lucilio,
692 4213 850 4296 Horatio,
875 4221 909 4280 et
923 4214 1054 4313 Persio,
1076 4212 1151 4280 haec
1171 4211 1354 4297 subjungite
