3059 4925
252 325 298 390 λθ
759 351 849 404 vire

248 496 679 583 .‘Propterquoo,’inquir,
702 499 1359 588 ‘mnrpeciehonotisrdegmoetru

252 602 750 687 cohortiscuraminAEgy-ptn,
773 602 906 683 Hense,
926 606 985 669 nbi
1003 613 1152 673 mortuus
1174 611 1247 676 est'
1289 612 1358 678 Sed

250 704 365 770 mitius
387 705 520 788 tingitur
539 702 733 783 Domitiani,
747 725 850 788 quem
868 706 942 786 fuit,
963 709 1138 793 ingenium,
1158 733 1235 777 curn
1255 717 1361 784 rerba

249 808 310 873 illa
322 806 415 871 erilio
430 809 571 893 expiatu
582 809 734 888 credunt,
745 814 780 874 ot
789 810 922 894 quidem
937 811 998 877 tuli
1012 813 1114 891 csilio,
1125 818 1217 902 quod
1230 818 1358 901 speciem

249 910 384 976 luberet
397 907 531 989 honoris,
545 911 635 996 qnod
645 908 834 997 prefectum
854 916 966 996 potins
978 936 1079 999 quarn
1103 918 1229 980 erilium
1244 920 1361 1003 appel·

249 1025 381 1094 leretur.
425 1014 505 1081 Fuit
518 1015 653 1099 quidem
666 1014 842 1082 Juvenaus
863 1018 898 1082 in
919 1016 1024 1097 erilis,
1040 1020 1142 1086 etiarn
1156 1022 1189 1084 in
1205 1020 1359 1107 AEgyptu,

170 1195 175 1200 ,
247 1125 286 1184 ut
312 1139 333 1184 e
361 1119 473 1185 Satira
493 1119 569 1203 ejus
594 1119 758 1203 colligitur
785 1138 850 1185 xv.
877 1124 931 1187 45.
960 1143 1027 1192 non
1051 1129 1163 1190 tamen
1185 1131 1275 1191 certe
1297 1129 1361 1191 sub

251 1216 451 1303 Domitiano.
496 1221 570 1287 Iuro
584 1220 781 1287 Juvenalem
795 1225 830 1290 in
843 1225 919 1310 ipsa
935 1222 1060 1290 Subura
1082 1235 1244 1293 memorat
1266 1228 1361 1293 Mur·

247 1324 350 1404 tielis,
371 1325 450 1411 (Ep.
474 1343 544 1394 ru.
572 1327 643 1405 18.)
666 1347 755 1392 anno
777 1336 956 1413 postquam
978 1332 1013 1395 in
1038 1334 1182 1415 petrium
1194 1331 1359 1410 rediisset,

247 1426 356 1513 (qnod
368 1428 505 1513 Trajani
517 1429 615 1496 terrio
635 1428 973 1515 Consulatufectnm)
997 1432 1041 1496 ad
1065 1433 1238 1498 minimum
1260 1434 1356 1499 AErae

246 1531 1358 1618 mseaechristianaecnnpostcaeuemnomuiansvnncumtamen

248 1634 381 1701 radicet
397 1657 512 1723 ungere
525 1637 634 1715 (exilii
647 1638 789 1717 scilicet)
803 1647 960 1702 mortuum
976 1644 1114 1705 testetur
1125 1641 1207 1704 ritae
1230 1638 1359 1704 Auctor

245 1736 452 1825 Auonynrns.
496 1739 678 1825 Nunquam
701 1741 836 1806 redierit
859 1745 1000 1827 oportet,
1023 1744 1081 1826 qui
1103 1740 1194 1806 tudio
1219 1740 1306 1807 erilii
1328 1747 1360 1805 et

248 1862 365 1927 augore
387 1846 428 1907 rit
451 1853 601 1909 mortuus.
645 1843 737 1911 Ficn‘
759 1851 871 1910 temen
893 1848 954 1910 vix
978 1847 1090 1929 potuit
1112 1847 1192 1930 quin
1218 1842 1358 1922 redierit,

247 1941 354 2010 Neruo
370 1947 486 2012 exules
497 1957 670 2028 revocante,
685 1948 743 2033 qni
757 1968 781 2014 e
794 1944 983 2013 Domitiano
996 1950 1115 2015 fuisset
1134 1949 1310 2031 relegatus,
1326 1952 1358 2018 ei

246 2048 381 2135 quidem
395 2045 582 2114 Domitiano
595 2052 714 2117 fuisset
733 2061 893 2134 superstes.
937 2052 1126 2117 Praescrtirn
1147 2052 1215 2130 ille,
1231 2054 1288 2137 qui
1301 2074 1359 2136 per

245 2151 374 2236 speciem
389 2151 514 2220 honoro
538 2156 740 2221 exulaverat.
785 2154 840 2220 lta
863 2161 1008 2238 pugnant
1029 2155 1152 2233 omniu,
1166 2157 1356 2239 quominus

243 2274 327 2326 vere
337 2276 412 2321 esse
422 2257 531 2341 possit
539 2264 676 2342 recepta
688 2258 748 2324 ille
761 2260 935 2326 sententia.

241 2421 245 2426 ,
289 2357 356 2422 Sed
385 2379 466 2425 vcro
493 2380 516 2426 u
542 2358 667 2424 Sidonii
694 2362 754 2431 illo
778 2362 966 2428 testimonio
991 2360 1132 2446 pendent
1153 2361 1283 2445 recepti
1307 2360 1358 2428 illi

244 2478 380 2539 errores,
394 2459 472 2526 irati
485 2458 643 2527 histrionis
655 2463 771 2529 euntem
787 2463 973 2530 Juvenum
991 2466 1205 2549 appellantis.
1248 2460 1358 2529 Addit
1422 2496 1426 2502 ·

242 2569 408 2647 praeterea
421 2567 643 2647 manifestuum,
657 2574 694 2635 nt
706 2575 815 2655 pntnt,
841 2567 958 2635 sridae
973 2566 1198 2651 Auctorisque
1219 2567 1357 2634 veteris,

243 2666 303 2748 qui
317 2665 415 2730 vitum
431 2662 597 2739 Jncrnnlr'r
620 2672 830 2756 conscripsit,
852 2670 1015 2756 Ryckius.
1050 2670 1165 2755 *Atqui
1187 2669 1357 2737 nunidem
1459 2686 1470 2696 ·

243 2766 359 2833 dicunt
370 2769 432 2846 iili,
451 2776 489 2835 ut
509 2790 593 2838 mox
606 2772 805 2848 videbimus,
820 2774 909 2858 quod
928 2779 1024 2859 putat
1045 2774 1103 2841 ille
1127 2774 1235 2839 dicere
1258 2771 1359 2839 Sido-

241 2869 344 2936 nium.
387 2870 594 2957 Ego'potius
617 2876 767 2941 vicissim
788 2896 832 2942 cx
856 2874 922 2940 illis
947 2876 1184 2963 explicandum
1197 2875 1355 2943 existimo

244 2970 420 3041 Sidonium.
456 2975 514 3041 Sic
528 2982 639 3044 antem
653 2996 773 3042 serem
799 2978 891 3043 iilam
913 2984 1017 3044 toturn
1038 2978 1195 3043 habuisse
1220 2993 1355 3041 censeo.

242 3070 333 3141 Exul
344 3084 427 3156 erut,
443 3080 491 3145 uti
501 3079 574 3165 jum
584 3080 668 3156 dixi,
679 3077 856 3158 Juvenalis,
868 3101 945 3147 cnm
956 3080 1098 3145 Satin-ern
1112 3080 1269 3145 scriberet
1284 3093 1356 3144 xv,

239 3179 323 3255 Hoc
345 3181 518 3249 confirmat
539 3184 641 3249 etiem
663 3184 699 3247 in
713 3203 765 3248 vs.
780 3184 836 3249 27.
877 3183 1100 3249 Scholiastes:
1125 3182 1206 3247 ‘De
1228 3180 1287 3257 se‚’
1303 3180 1355 3245 in-

243 3283 325 3366 quit,
357 3288 369 3318 ‘
381 3283 404 3349 J
406 3283 557 3353 uvenedis
568 3285 662 3365 dicit,
675 3287 756 3371 quie
769 3287 805 3350 iu
818 3287 967 3372 AEgypto
987 3286 1125 3351 militem
1136 3284 1251 3360 tenuit,
1267 3289 1302 3347 et
1315 3301 1358 3346 ee

240 3387 406 3471 promittit
431 3409 467 3451 sc
486 3390 665 3455 relaturum
687 3390 863 3474 quae‘ipse
888 3387 997 3455 vidit!
1040 3388 1184 3455 Proinde
1207 3388 1290 3451 rixae
1306 3386 1356 3450 illi

239 3487 316 3571 ipsc
341 3488 446 3568 affuit,
479 3511 579 3575 qnam
604 3492 765 3558 describit
795 3492 880 3557 inter
908 3489 1062 3557 Ombitos
1094 3497 1129 3555 et
1155 3489 1357 3573 Tentyrites,

238 3589 390 3677 Tempus
413 3600 526 3659 autern
550 3595 623 3679 ipsu
646 3594 838 3677 designavit
856 3595 941 3660 rixae
966 3593 1068 3670 iuius,
1088 3613 1165 3659 cum
1188 3596 1221 3654 et
1256 3610 1358 3674 πειρον

238 3692 330 3761 illam
344 3695 523 3778 contigisse
536 3696 632 3775 dicit,
654 3704 688 3762 et
707 3696 845 3781 quidem
861 3692 995 3765 Concede
1010 3690 1110 3757 Jnrrio
1131 3693 1203 3759 Sat.
1217 3710 1284 3759 xv.
1297 3695 1356 3761 27.

240 3792 321 3875 Scio
335 3796 479 3880 quidem,
498 3793 629 3861 Vincam
653 3799 840 3875 nonnullos,
859 3793 999 3862 Juurum
1025 3795 1111 3860 ulios
1132 3797 1169 3859 in
1188 3794 1266 3861 loco
1292 3795 1354 3860 illo

238 3894 356 3980 legere.
400 3898 443 3963 Id
464 3920 595 3987 quoqne
630 3900 713 3978 scio,
747 3900 782 3963 in
814 3898 1108 3983 inscriptionibus,
1140 3917 1208 3962 non
1241 3903 1355 3961 tamen

237 3997 355 4065 horum
379 4006 576 4087 temporum,
600 4021 772 4068 occurrere
802 4000 965 4071 AEmilr‘um
989 3997 1138 4064 Jurcum.
1182 3998 1263 4077 Sed,
1278 3999 1355 4084 qui-

238 4120 380 4188 cumque
400 4103 533 4169 demum
556 4105 587 4169 is
607 4104 707 4169 fuerit
731 4102 868 4183 Consul,
895 4100 1102 4166 ordinarium
1127 4112 1215 4168 certe
1246 4100 1354 4165 finisse

237 4203 510 4273 verisimillimum
523 4211 587 4273 cst.
619 4202 898 4292 Designatircnim
912 4202 1096 4269 Conceditur
1105 4224 1158 4269 res
1173 4208 1268 4269 extra
1280 4201 1354 4276 lta,-
