3059 4925
608 404 816 456 numerere.
1217 389 1265 456 te

157 569 238 629 rum,
264 550 476 636 mytbologia,
499 549 640 618 scientie
662 552 871 637 antiquitatis
895 555 930 616 et
951 555 1154 638 geographia
1167 555 1257 620 illus·

157 659 287 731 trarem,
317 653 376 716 sed
399 654 501 718 etiam
526 655 570 719 ad
595 673 648 731 ee,
676 674 753 739 quae
777 654 849 720 sive
872 654 1010 738 pulchra
1021 663 1055 722 et
1068 663 1159 742 opta,
1185 658 1261 723 sive

157 774 264 840 prava
275 760 308 820 et
321 756 433 819 aliena
444 763 567 835 essent,
583 757 626 822 ed
640 757 847 823 inventorum
860 757 996 836 fontem,
1006 757 1050 821 ad
1064 778 1173 823 rerum
1185 778 1263 824 ver-

157 860 339 942 borumque
359 865 560 939 ornamenta,
581 858 624 924 ad
638 859 749 943 poetae
763 859 949 924 docuinam
958 864 991 925 et
1005 865 1106 923 artem
1119 862 1155 925 in
1168 862 1265 928 inve«

154 960 286 1025 nieudis
299 961 548 1046 mutandisque
561 963 675 1040 rebus,
691 960 739 1026 ad
749 963 895 1045 partium
908 961 994 1026 inter
1008 980 1045 1024 se
1059 965 1266 1028 conveniens

156 1063 236 1127 tiam
250 1066 283 1127 et
298 1062 343 1128 nd
357 1081 532 1128 commune
547 1064 723 1129 cumdium
735 1063 1183 1148 conspirationem,·mentem
1192 1066 1265 1131 lec-

158 1171 266 1230 torum
278 1163 489 1231 intenderem.
534 1163 657 1232 Omnia
668 1184 800 1250 qnoque
820 1165 862 1228 'ad
886 1184 1019 1230 sensum
1032 1183 1140 1231 meum
1153 1167 1267 1252 expli·-

126 1327 130 1334 .
155 1285 234 1332 esre
249 1272 392 1332 conatus
404 1287 477 1333 snm
491 1271 580 1344 aute,
596 1285 704 1351 quem
711 1267 907 1350 interpretes
922 1266 1138 1333 consulerem.
1168 1265 1267 1347 Quo..

156 1372 218 1436 ties
232 1376 354 1449 antem,
367 1390 444 1456 quse
459 1371 523 1435 alii
535 1370 610 1455 jam
625 1374 884 1454 occupaverant,
898 1370 1026 1447 notavi,
1041 1389 1170 1455 semper
1191 1390 1263 1436 mo·

156 1474 225 1551 nui,
244 1474 366 1557 quibus
380 1492 424 1538 es
434 1472 614 1538 deberem
628 1492 705 1538 nam
719 1473 861 1538 aliomm
875 1472 999 1537 serinia
1010 1473 1204 1558 compilare,
1228 1482 1268 1541 et

156 1576 259 1641 instar
294 1576 420 1658 graculi
449 1576 599 1660 superbi,
638 1577 758 1661 pennis
781 1576 926 1662 pavonis
953 1578 1117 1656 exornati,
1147 1577 1270 1643 alienis·

155 1676 256 1741 bunis
269 1677 414 1759 gloriari,
437 1678 532 1761 longe
557 1697 585 1742 a.
600 1678 748 1752 moribus
764 1678 982 1762 sensibusque
997 1678 1082 1742 meis
1095 1677 1270 1744 abhorret..

36 1831 38 1834 .
157 1776 225 1843 Sed
248 1777 328 1845 farti
351 1779 480 1850 invidie
503 1780 595 1845 mibi
607 1780 819 1866 deprecanda
837 1786 902 1859 est,
925 1782 956 1845 si
974 1781 1051 1865 quis
1064 1782 1148 1850 forte
1160 1781 1271 1850 offen-i

157 1878 243 1946 derit
254 1881 433 1960 nounuila.
458 1883 519 1948 rol.
530 1882 682 1967 vulgaria
702 1887 736 1947 et
748 1882 989 1950 eruditisoerte
1003 1884 1190 1952 bominibus
1198 1902 1271 1948 noe

156 1984 299 2062 tissima,
324 2003 401 2069 quse
425 1985 534 2068 igitur·
547 1984 646 2052 facite
671 1984 832 2069 pluribus
844 1983 964 2069 sponte
977 1986 1013 2049 in
1026 1990 1164 2050 mentem
1175 1986 1269 2050 inei·>

156 2085 233 2152 dere
259 2090 406 2171 possunt
427 2091 461 2152 et
480 2086 563 2153 bine
586 2107 611 2152 e
630 2087 783 2172 pluribus
807 2106 950 2172 quoque
964 2092 1078 2151 notate
1096 2093 1183 2170 sunt,
1208 2088 1272 2153 vel<

156 2189 266 2256 minus
278 2190 393 2268 ebrie,
405 2210 481 2274 quae
495 2191 540 2256 ab
555 2191 633 2256 eliis
642 2189 715 2275 jam
729 2190 855 2256 alieubi
869 2190 1047 2255 observata
1061 2190 1242 2255 meminerit
1253 2210 1272 2255 :=

159 2309 277 2370 omnes
289 2293 377 2357 euim
390 2293 537 2358 enorum
560 2292 735 2359 doctorum
756 2294 863 2359 libros
882 2299 915 2360 et
932 2293 1204 2373 eommenterios,
1228 2293 1264 2358 in

157 2395 287 2479 quibus
302 2413 391 2460 nnus
413 2400 448 2460 et
471 2396 554 2461 alter
576 2394 688 2482 poiitse
712 2398 820 2461 nostri
838 2396 934 2461 loeus
952 2396 1141 2474 illustratur,
1156 2413 1274 2480 neque·

155 2496 239 2562 mibi
254 2516 448 2582 comparare
461 2499 513 2563 rei
524 2498 697 2564 familiaris
710 2499 866 2582 angustia
878 2500 1014 2585 patitur,
1036 2518 1144 2583 neque
1162 2518 1273 2567 exon.

156 2606 228 2668 tere
250 2601 305 2666 rel
327 2607 429 2667 vacat
452 2601 508 2667 vel
531 2602 636 2667 lubet
678 2601 776 2668 Hine,
792 2622 927 2687 qnoque
945 2603 1078 2669 veniam
1091 2601 1172 2665 mibi
1186 2600 1264 2666 dent
1354 2590 1360 2601 '

157 2723 228 2784 oro,
240 2703 298 2789 qui
311 2723 376 2769 uon
389 2711 573 2771 memorata
585 2703 728 2769 viderint
740 2705 898 2788 quaedam
911 2723 933 2768 a
947 2724 986 2769 se
999 2703 1053 2769 vei
1068 2703 1145 2767 aiiis
1159 2702 1272 2767 anim·

158 2805 302 2872 adversa
320 2807 358 2871 'iu
382 2806 608 2890 singularibus
629 2807 773 2886 libente,-
788 2809 843 2873 vel
857 2806 1066 2872 versionibus
1079 2804 1263 2883 Juvenalis,

157 2908 213 2973 vel
227 2909 469 2975 commentariis
483 2910 519 2974 in
532 2909 617 2975 alios
630 2908 760 2994 poetes,
784 2911 907 2994 quibus
928 2909 1037 2994 copiis
1058 2906 1150 2972 haud
1164 2906 1274 2971 dubie·

158 3026 354 3094 meeperms
370 3009 549 3076 admodum
561 3010 761 3095 locupletari
775 3011 916 3094 poterit.
1184 3062 1190 3079 .

167 3168 173 3173 .
202 3112 285 3178 Non
310 3113 426 3179 dubito
447 3120 568 3192 tamen,
590 3112 660 3178 fore
686 3113 878 3197 permultos,
908 3112 967 3197 qni
995 3112 1031 3178 in
1059 3131 1164 3195 opera
1189 3129 1266 3177 mea

157 3217 368 3295 brevitatem,
382 3217 543 3300 insignem
557 3216 746 3299 interpretis
759 3216 928 3294 virtutem,
944 3215 1044 3282 valde
1058 3214 1243 3280 desiderent
1255 3235 1273 3280 t:

158 3337 266 3402 neque
292 3316 431 3382 diffiteor
452 3318 539 3402 ipse,
562 3335 616 3381 mo
639 3317 765 3400 passim
789 3319 968 3396 monuisse,
995 3337 1071 3401 quae
1095 3318 1208 3382 tenuia
1234 3321 1272 3380 et

158 3420 313 3504 vulgaria
326 3420 432 3485 videri
446 3421 578 3504 possint
592 3420 673 3484 viris
687 3419 807 3498 doctis,
834 3419 950 3484 harum
962 3439 1070 3484 rerum
1084 3419 1266 3502 intelligen-

160 3522 264 3586 tibus.
308 3521 376 3589 Sed
390 3524 533 3608 primum
545 3521 625 3588 mibi
639 3523 687 3587 ita
701 3523 916 3587 constitutum
929 3526 1013 3599 erat,
1028 3526 1065 3586 ut
1078 3540 1178 3606 quem
1191 3521 1267 3605 plu·

157 3623 252 3715 rimis
272 3623 536 3709 protestamur
557 3625 710 3689 omnibus
734 3624 970 3703 mustacem,
996 3627 1031 3688 et
1051 3628 1089 3689 nt
1110 3621 1273 3708 quaedam,

72 3806 74 3809 ι
158 3743 230 3790 non
244 3725 329 3791 adeo
341 3729 532 3792 necessaria
544 3729 686 3811 irrepere
699 3727 842 3804 mollem,
858 3746 959 3811 quam
972 3725 1079 3791 omitti
1093 3744 1134 3790 ae
1148 3724 1267 3808 negligi

75 3814 83 3835 ”
158 3829 365 3907 necessaria,
391 3834 425 3894 et
447 3830 527 3896 buie
553 3830 608 3895 vel
631 3829 681 3894 illi
702 3829 774 3894 sive
795 3829 939 3896 obseura
953 3831 1024 3895 sive
1037 3829 1161 3911 ignota,
1189 3845 1267 3909 quse

159 3930 287 3996 moneri
313 3937 348 3997 et
370 3932 527 3999 illustrari
552 3953 619 3998 non
640 3933 789 3998 omnium
811 3933 954 4016 quidem,
978 3931 1038 3998 sed
1051 3929 1267 4016 quorumdam

160 4034 458 4099 temulentorum
483 4037 663 4100 interesset.
709 4035 840 4101 Deinde
853 4035 917 4100 bae
932 4041 1029 4101 aetate
1047 4038 1173 4108 nostra,
1197 4048 1268 4115 qua

160 4131 314 4212 metante,
332 4155 408 4219 quee
426 4136 584 4220 jactatur,
605 4137 771 4203 literarum
784 4137 860 4201 lnce
872 4154 1003 4201 summa
1015 4153 1122 4200 rerum
1135 4132 1266 4197 utilium

160 4232 396 4319 ignorantiam
409 4233 481 4304 dies
494 4238 637 4324 ⁴longius
657 4242 759 4324 serpit
783 4244 818 4306 et
839 4237 1041 4317 diffundar,
1066 4234 1273 4303 intinitatem
