3059 4925
498 1001 949 1094 SERENISSIMO

308 1323 1139 1466 DELPHINO

457 1729 735 1800 LUDOVICUS
759 1729 993 1799 PRATEUS.

173 2199 273 2289 Neo
289 2221 450 2287 Satirieos
464 2221 632 2289 evolvisse
655 2224 770 2308 pigeat
793 2222 855 2301 Te,
882 2221 1139 2287 Suanurssrun
1164 2220 1281 2288 Paru-

174 2340 274 2389 curs.
319 2324 398 2405 Quo
413 2325 570 2410 amplius,
585 2329 656 2390 tum
680 2325 875 2390 domesticis
898 2324 1063 2409 exemplis
1081 2329 1151 2388 tum
1171 2324 1281 2390 indole

174 2427 325 2511 propria,
336 2426 379 2491 ad
390 2447 486 2493 omne
501 2428 625 2493 bonum
639 2428 812 2493 institutus
827 2446 884 2509 es3
905 2428 970 2492 boc
984 2427 1090 2511 magis
1100 2426 1282 2492 delectabit
1409 2466 1417 2475 -

174 2528 404 2594 Romanorum
419 2532 511 2608 vitia,
530 2551 607 2616 quae
622 2535 656 2595 et
669 2535 785 2594 nostre
800 2535 888 2607 sunt,
903 2529 1015 2595 videre
1040 2530 1165 2613 passim
1190 2529 1282 2593 dam·

174 2642 274 2714 nata3
306 2633 462 2698 virtutem
485 2654 566 2699 vero
589 2634 713 2717 ubique
737 2633 926 2710 amabilem,
952 2633 1075 2717 ubique
1099 2632 1281 2713 laudatam.

175 2734 275 2800 Forte
288 2737 390 2800 etiam
403 2738 552 2821 placebit
560 2736 728 2801 diversum
739 2734 888 2799 conserte
899 2736 1070 2819 utriusque
1081 2737 1144 2800 viri
1158 2737 1282 2820 stylum

175 2844 209 2903 et
235 2839 408 2922 ingenium,
424 2839 531 2904 eidem
556 2844 666 2903 tamen
689 2838 810 2903 Satirae
833 2838 936 2902 nihilo
961 2838 1071 2902 secius
1097 2844 1282 2921 operatum.
1372 2850 1380 2863 “

174 2939 370 3005 Facundum
395 2941 471 3006 hinc
500 2940 654 3020 Po'etnm,
676 2948 715 3006 ut
739 2943 869 3020 acriter,
895 2941 944 3005 sic
968 2947 1003 3006 et
1026 2940 1157 3017 diserte,
1173 2941 1282 3005 scelus

173 3045 441 3129 proscribentem,
456 3065 522 3109 non
546 3045 617 3110 sine
639 3045 812 3128 voluptate
833 3043 1045 3128 comparabis
1060 3063 1137 3107 cum
1150 3062 1285 3108 morosa

173 3145 242 3225 illa,
257 3149 381 3227 stricta,
397 3148 489 3213 salsa
502 3148 679 3213 dicacitate
694 3146 817 3225 Persii,
842 3165 991 3212 severam
1009 3145 1198 3211 Stoicorum
1213 3146 1283 3211 dis·

174 3247 334 3331 ciplinam
356 3255 487 3314 strenue
506 3249 717 3316 venditantis.
765 3248 870 3334 Apud
895 3249 984 3313 hunc
1008 3254 1096 3315 certe
1119 3249 1284 3332 praeclara

173 3354 226 3414 tot
252 3351 428 3435 sapientiae
451 3352 585 3417 oracula
603 3370 671 3415 non
694 3353 926 3437 aspernabere.
970 3349 1073 3435 Apud
1092 3351 1185 3415 illum
1206 3369 1284 3415 vero

175 3470 278 3534 quam
306 3454 411 3519 multa
438 3458 620 3531 occurrent,
644 3452 860 3538 jucundeque
881 3454 982 3536 leges,
1011 3453 1163 3518 felicibus
1189 3452 1283 3517 bisce

174 3555 378 3636 temporibus
393 3555 663 3621 accommodata!
686 3552 777 3621 Haec
798 3554 953 3639 inprimis
975 3555 1164 3620 Lunovror
1187 3573 1279 3638 mag·

173 3655 357 3720 nitudinem
371 3657 597 3723 exhibebunt:

264 3754 310 3821 Et
324 3780 388 3844 sper
403 3771 432 3824 et
445 3759 526 3823 ratio
540 3758 711 3824 studiorum
726 3759 763 3823 ἐπ’
777 3756 897 3825 Crescere
911 3769 1044 3840 tantum,

265 3857 356 3924 Solae
372 3861 452 3925 enim
469 3863 571 3927 tristes
586 3860 643 3926 Irae
658 3873 834 3949 tempestate
851 3862 1012 3927 Camoeaus

269 3959 430 4049 Respexit.

178 4066 265 4132 Item
278 4067 362 4133 ista:

262 4168 336 4254 Spes
350 4169 423 4235 vitu
438 4194 505 4236 cum
523 4171 593 4237 Sole
609 4172 699 4239 redit.

243 4288 332 4353 Depo.
343 4294 367 4339 et
383 4286 441 4341 Ver.
454 4291 519 4340 Cius.
692 4290 750 4340 Jao.
