3059 4925
489 326 628 390 rursu,
652 326 699 375 nr
720 325 946 376 suvunums.
970 341 974 352 ·
1225 311 1271 382 ω

33 463 34 526 7
163 471 255 550 hunt,
279 472 475 555 animosque
502 472 651 536 omnium
673 489 797 554 pronos
819 470 1000 540 reddebant
1021 473 1066 539 ad
1088 473 1268 556 luxuriam,

33 577 34 582 ’
166 572 401 640 effoeminatum
413 572 614 655 languorem,
632 577 667 637 et
679 572 848 652 libidines,
863 594 940 659 qum
956 577 1104 642 consiliis
1121 577 1271 662 Impera·

33 683 34 690 ’
165 675 248 741 toris
260 695 413 759 novoque
438 674 583 740 civitatis
608 674 709 740 statui
735 693 837 758 quam
862 677 1009 742 maxime
1034 679 1269 761 congruebant,

34 821 35 824 κ
167 783 308 842 mentem
333 796 413 843 vero
437 776 670 842 abalienabant
693 776 855 842 asbrdiis
880 778 1115 859 severioribus,
1129 778 1271 863 ejusque

132 899 135 904 ⁴
167 878 255 943 vires
279 878 483 962 frangebant.
541 877 638 943 Idem
660 876 848 962 Augustus,
875 887 913 945 ut
942 881 1071 947 animos
1100 880 1224 948 civium
1248 899 1272 946 a

166 1003 270 1049 sam
280 983 444 1050 h‘bertatis
457 983 592 1050 amisse
607 987 642 1049 et
655 982 803 1067 diligenti
814 988 950 1050 mutatae
963 985 1012 1049 rei
1026 983 1174 1067 publicae
1188 1001 1271 1074 oon·

167 1086 366 1151 sideratione
392 1091 556 1165 avocaret,
584 1086 659 1169 ipse
684 1093 794 1151 autem
821 1087 978 1170 potentiae
1007 1104 1144 1151 secum
1169 1089 1270 1162 esset,

168 1188 291 1253 callido
307 1187 504 1256 Maecenatis
523 1188 677 1267 oonsilio,
693 1192 826 1253 seruata
839 1192 977 1252 externa
989 1187 1138 1254 civitatis
1152 1186 1270 1264 forma,

33 1331 34 1334 =
166 1291 356 1374 relictisque
370 1292 519 1356 omniurn
534 1290 788 1373 magistratuum
800 1295 947 1356 veterum
958 1288 1159 1367 nominibus,
1180 1307 1272 1353 com·

167 1393 289 1470 modis,
312 1391 502 1472 honoribus,
527 1412 658 1458 omnem
682 1391 727 1457 ad
754 1410 792 1457 se
819 1391 973 1456 trahebat
1000 1394 1208 1474 potestatem,
1237 1394 1274 1454 et

33 1527 35 1586 ς
168 1494 299 1579 plebem
312 1499 380 1559 turn
394 1496 648 1577 congiariorum,
673 1514 776 1579 quam
790 1494 1066 1578 spectaculorum,
1087 1509 1271 1569 munerum,

33 1601 34 1648 ³
166 1596 385 1681 ludorumque
398 1597 605 1675 assiduitate,
619 1597 832 1675 varietatem
840 1593 1083 1678 magnificentia
1092 1593 1128 1657 in
1141 1598 1274 1676 turpem

166 1698 319 1764 inertiam
328 1705 427 1784 atque
441 1698 645 1782 torpedinem
658 1697 862 1778 resolvebat3
876 1696 1024 1760 homines
1036 1699 1146 1759 autem
1160 1693 1272 1759 sanio-

33 1847 34 1904 3
167 1800 611 1866 rismentistumbenefioiis
625 1800 872 1883 honoribusque
885 1799 953 1863 sibi
969 1797 1272 1875 devinciebat,tum

33 1943 35 1988 p
167 1902 211 1967 ad
224 1904 337 1968 studia
359 1903 531 1968 excitabat
555 1903 674 1968 urtimn
694 1902 942 1983 literarumque,
965 1917 1103 1982 quarum
1127 1915 1272 1962 amorem

33 2009 35 2060 t
168 2004 259 2072 inani
289 2005 398 2070 laudis
425 2003 609 2088 cupiditate
629 2003 753 2069 ductus
774 2001 954 2066 similabat
1013 1995 1141 2079 Magna
1164 2015 1272 2062 rerum

168 2107 308 2172 mutatio
326 2123 451 2174 novam
469 2105 637 2190 loquendi,
660 2104 839 2188 cogitandi,
852 2107 886 2169 et
908 2100 1026 2185 agendi
1045 2100 1207 2165 rationem
1223 2097 1274 2162 iu·

33 2205 35 2222 '
169 2208 325 2287 ducebat,
354 2213 387 2273 et
415 2208 584 2274 inlocum
608 2208 723 2273 liberae
748 2207 856 2284 vocis,
877 2205 958 2270 olim
980 2201 1035 2269 vel
1058 2200 1190 2285 scriptis
1212 2218 1273 2264 ex·

170 2330 309 2393 pressae,
334 2312 389 2376 vel
417 2311 516 2376 toties
543 2311 578 2373 in
606 2308 838 2385 concionibus,
861 2306 974 2382 curiis,
988 2303 1073 2382 foro,
1098 2307 1132 2368 et
1157 2300 1273 2367 rostris

170 2411 624 2503 auditee,nuncsuccedebat
637 2411 743 2477 oratio
760 2408 980 2485 adulatorum,
989 2404 1273 2480 calumniatorum,

170 2524 203 2583 et
225 2537 407 2594 servorum,
431 2517 490 2600 qui
513 2534 550 2579 se
573 2518 661 2579 totos
683 2512 727 2576 ad
749 2510 878 2576 domini
900 2508 1073 2574 arbitrium
1093 2511 1273 2589 nutumque

170 2619 344 2703 lingebant.
388 2619 482 2683 Hinc
504 2636 585 2682 vera
612 2614 803 2698 eloquentia
824 2612 985 2677 Cicerone
1010 2613 1129 2673 necato
1157 2608 1275 2672 obmu-

33 2756 35 2809 l
171 2725 332 2800 tescebat,
347 2725 382 2786 et
394 2718 504 2804 poetae
529 2724 658 2784 tantum
672 2736 740 2781 non
753 2734 868 2796 qmnes
888 2716 982 2778 erant
1003 2710 1187 2775 imitatores
1206 2727 1273 2771 ser·

33 2858 34 2861 ¹
169 2842 250 2888 rum
263 2842 378 2906 pecus.
424 2821 539 2886 Nihilo
561 2825 670 2883 tamen
691 2819 803 2883 secius
829 2815 990 2881 saeculum
1005 2809 1150 2893 Augusti
1171 2808 1273 2872 multo

33 2962 35 2969 ·
171 2926 290 2990 mellus
304 2925 500 3008 feliciusque
512 2926 585 2987 erat
599 2920 753 2987 extremis
766 2920 878 2984 liberae
893 2912 1098 2996 reipublicae
1118 2907 1274 2991 tempori·

172 3026 245 3092 bus.
291 3027 454 3109 Princeps
475 3025 615 3108 imperio
637 3023 783 3107 quietem
797 3025 897 3104 atque
912 3015 1113 3098 dignitatem,
1129 3010 1275 3076 civibus·

48 3120 50 3129 ⁴
171 3148 237 3214 que
251 3147 405 3194 securam
415 3131 577 3195 bonorum
592 3125 836 3209 possessionem
849 3119 1016 3194 reddebat,
1028 3120 1062 3180 ct
1074 3114 1179 3179 multa
1191 3111 1275 3176 vitia

172 3250 286 3297 severe
300 3230 478 3297 coercebat
490 3230 618 3311 legibus
631 3225 864 3293 saluberrimis.
908 3221 989 3305 Ipse
999 3218 1112 3294 etiam,
1124 3213 1274 3300 quamvis

172 3334 205 3399 in
218 3334 445 3401 adolescentia
457 3331 657 3395 dedecorum
671 3325 878 3410 quorundam
889 3330 923 3387 et
934 3323 969 3386 in
991 3317 1199 3384 triumviratu
1210 3334 1275 3380 see·

172 3437 264 3513 ,ultim
278 3435 449 3500 Maniam
462 3433 620 3509 subierat,
638 3433 756 3512 postea
775 3425 904 3508 magnis
922 3421 1099 3487 virtutibus
1113 3417 1276 3501 pensabat

173 3539 266 3616 vitia,
279 3543 314 3601 et
325 3538 469 3604 clemens
481 3540 552 3601 erat
563 3532 716 3599 domiuus
731 3549 773 3597 ac
786 3533 955 3613 patronus,
969 3524 1096 3589 amicus
1115 3519 1221 3583 comis
1233 3535 1274 3582 ao

173 3639 295 3716 fidelis,
308 3639 414 3703 bonus
427 3633 664 3719 paterfamilias
685 3638 719 3696 et
740 3629 938 3713 Imperator,
950 3643 1055 3708 neque
1079 3621 1192 3686 Patris
1215 3637 1275 3702 pa·

93 3745 99 3752 “
173 3742 245 3807 triae
259 3738 391 3804 nomine
403 3737 566 3818 indignus.
612 3733 706 3797 Idem
727 3737 814 3796 artes
835 3729 1054 3813 scientiaeque
1075 3724 1220 3798 fovebat,
1242 3723 1276 3786 et

174 3843 267 3908 cives
279 3841 323 3906 ad
342 3842 496 3904 virtutem
511 3837 541 3901 si
554 3855 621 3900 non
639 3833 825 3907 colendam,
841 3835 930 3902 certe
947 3825 1166 3901 similandam,
1187 3841 1276 3905 prae·

174 3945 252 4013 miis
265 3944 445 4029 poenisque
459 3939 627 4009 incitabat.
673 3935 786 4001 Decor
808 3935 920 4016 itaque
942 3937 976 3995 et
994 3930 1165 4001 honestas,
1185 3922 1275 4007 judi-

175 4048 262 4113 cium
274 4054 309 4111 et
322 4062 438 4109 sensus
452 4042 535 4120 veri,
548 4040 640 4115 boni,
650 4058 690 4102 ac
702 4036 843 4121 pulchri,
857 4033 999 4098 nondum
1009 4031 1111 4115 plane
1128 4024 1276 4091 extincta

176 4157 280 4227 erant,
302 4154 336 4212 et
358 4148 559 4213 acuebantur
580 4142 750 4212 literarum
763 4137 957 4205 Graecarum
977 4131 1098 4208 studio,
1114 4125 1205 4212 quod
1217 4124 1276 4193 ad·

33 4268 34 4275 ’
137 4254 143 4264 ’
176 4253 240 4326 buo
252 4250 396 4337 vigebat.
