3059 4925
257 393 326 462 280
608 412 644 458 n.
667 408 773 459 suun
796 408 1010 464 ruvnusms

260 555 468 623 Consiliuml
491 553 565 620 Sed
573 554 654 639 qnid
667 554 844 621 videndus
859 574 939 619 aure
952 556 1095 640 tyranni,

259 656 345 724 Cum
359 677 426 743 quo
440 656 482 721 dc
495 656 632 741 pluviis,
646 662 706 722 aut
719 658 871 734 aestibus,
887 662 945 722 aut
956 658 1112 722 nimboso

258 759 349 826 Vere
359 760 500 825 locutrui
514 759 619 824 samm
632 758 798 844 pendebat
813 760 939 823 amicit

259 861 323 929 Ille
337 861 437 945 igimr
448 881 616 945 nunquam
630 861 754 926 direxit
766 861 905 926 brachia
917 866 1035 927 contra

259 963 462 1043 Torrentem,
476 982 539 1028 nec
551 963 635 1027 civis
648 969 730 1040 erat,
745 964 803 1046 qui
817 964 922 1029 libera
935 969 1051 1049 posset

258 1065 375 1131 Verba
388 1066 490 1130 animi
504 1064 660 1150 proferre,
675 1072 708 1129 et
720 1065 825 1129 vitam
839 1065 1027 1150 impendere
1040 1085 1129 1132 vero.

257 1168 318 1235 Sic
332 1168 454 1234 multas
467 1167 612 1252 hyemeS,
625 1171 729 1250 'atque
742 1168 948 1250 octogesima
961 1168 1046 1234 vidit

258 1336 316 1399 quid
323 1336 458 1386 immundius
466 1334 571 1385 nummio
584 1330 708 1398 lbronni?
716 1334 790 1397 Apud
800 1348 867 1397 quem
873 1333 1051 1392 wdcsueienti
1059 1336 1089 1385 de
1098 1335 1220 1399 imbribus,
1231 1336 1268 1386 uel
1278 1332 1312 1388 de
1327 1337 1367 1388 ni·

258 1402 317 1451 ruiis
325 1402 449 1463 caloribus,
457 1401 493 1450 uel
502 1401 535 1450 de
543 1414 597 1450 uere
607 1398 723 1463 nebuloso,
727 1399 849 1459 familiari
856 1399 1072 1450 monimmiuebat.
1090 1401 1117 1450 1⁸
1124 1403 1203 1466 tthue
1211 1404 1367 1454 mistesdit

258 1481 360 1530 emaum
368 1468 468 1516 lacertos
478 1468 588 1515 advorss
598 1462 733 1514 tantalon.
761 1465 845 1526 Neque
855 1464 1031 1527 deuertebat,
1042 1465 1080 1514 cui
1095 1466 1176 1517 decret
1186 1467 1288 1530 ingane
1299 1483 1368 1518 um

258 1532 453 1597 anteperire,
461 1548 489 1581 ne
496 1531 571 1580 eitum
579 1531 637 1580 dure
646 1529 753 1579 nemeti.
782 1530 824 1578 lte
832 1529 959 1593 amplum
968 1530 1069 1594 hyemes,
1078 1536 1102 1581 et
1110 1533 1251 1596 octogesima
1263 1534 1367 1584 solstitio

729 1655 891 1675 onumen
894 1656 908 1675 O

259 1747 302 1796 2⁰.
312 1748 396 1796 num.
406 1749 492 1796 dli-49.
503 1750 587 1796 54-88.
599 1747 641 1795 ol.
654 1747 762 1794 tra-oo
778 1749 802 1792 et
817 1742 840 1792 ei
855 1743 911 1807 quid
928 1747 1034 1794 la—sr
1049 1745 1079 1792 ds
1094 1744 1190 1806 nimbis,
1208 1750 1250 1795 aar
1260 1744 1368 1806 cerda,

260 1810 413 1872 nutpluuioso
423 1811 506 1860 edidit
519 1810 654 1869 Marsball,
669 1809 760 1858 nescio
778 1822 829 1872 qua
846 1809 1003 1860 auctoritate
1023 1813 1184 1858 motus—91
1205 1809 1282 1859 Verba
1291 1811 1368 1860 animi

260 1874 415 1927 Juvenalem
425 1875 521 1926 dixisse
531 1877 572 1925 vix
583 1874 749 1934 crediderim,
757 1873 806 1922 etsi
817 1886 868 1922 uon
879 1874 980 1938 ignoro,
989 1873 1016 1922 in
1025 1874 1205 1938 antiquissima
1213 1875 1315 1924 rudium
1334 1890 1368 1925 ue

261 1939 413 2003 populorum
431 1941 518 2005 lingua
534 1939 781 2070 cogitatiouegunimi
797 1939 884 1988 vocari
902 1938 982 2000 coda,
993 1945 1022 1989 et
1038 1939 1102 2002 oqui
1120 1938 1204 2003 simpl.
1222 1939 1265 2005 (ut
1281 1940 1325 1989 He
1345 1953 1367 1991 r.

262 2007 350 2071 ¹508)
366 2009 409 2058 rel
426 2011 487 2073 loque·
505 2009 531 2058 in
547 2011 616 2059 corde
633 2007 680 2069 (l)
699 2009 725 2070 2
744 2003 833 2069 Ὃκ)
850 2005 920 2055 idem
935 2020 990 2054 esse
1010 2007 1078 2071 quod
1096 2007 1195 2057 sentire
1207 2022 1228 2056 s.
1240 2006 1368 2070 cogitare.

261 2073 412 2150 Lugendum
420 2073 490 2125 forte
502 2075 579 2124 culmo
587 2074 704 2139 proferre,
717 2075 758 2122 vel
769 2074 902 2135 Sempro
914 2071 1001 2134 Vero«,
1006 2078 1036 2120 ut
1045 2071 1100 2120 bac
1110 2085 1184 2122 voxe
1195 2086 1276 2136 marg.
1284 2072 1369 2136 irrep·

261 2143 399 2191 sent-92
415 2140 489 2203 adque
496 2144 602 2191 tm—tm
619 2140 703 2204 Vulgo
717 2154 771 2189 non
780 2139 848 2187 male
864 2149 964 2186 comma
977 2141 1038 2200 post
1056 2136 1177 2201 Solstitiu,
1194 2142 1222 2187 et
1240 2144 1369 2201 punctum

761 2267 869 2320 NOTAE

294 2386 326 2432 88
354 2383 424 2440 Quid,
447 2384 573 2435 aebutius
595 2400 651 2436 aure
676 2384 794 2451 Tqrcuru]
835 2381 891 2433 mit.
902 2395 926 2430 c.
939 2384 978 2432 11.
996 2379 1096 2431 Neron.
1109 2377 1214 2444 passim,
1223 2381 1274 2429 dcc.

261 2459 314 2511 Hic
331 2461 400 2511 enim
411 2464 501 2527 rapide
512 2461 597 2515 fertur
613 2466 794 2516 invindictam
830 2450 833 2457 ¹
867 2465 901 2512 89
915 2461 962 2510 ille
979 2459 1057 2523 &itur
1075 2475 1193 2523 sumum
1210 2457 1302 2509 matt
1316 2457 1369 2509 bre·

262 2542 290 2587 et
300 2536 407 2602 cadem,
416 2554 462 2589 seu
471 2539 533 2605 quid
544 2542 656 2607 loquaris
666 2542 734 2607 quod
745 2542 795 2605 ipsi
834 2537 888 2587 edio
908 2541 990 2587 mim
1009 2534 1150 2598 mmm]
1166 2535 1274 2597 Crispus
1288 2535 1369 2600 itin?

261 2614 472 2679 miuusplaceat3
489 2617 740 2669 Sueton.Domit.c.
753 2624 793 2668 lt).
834 2612 978 2678 prudenter
999 2612 1128 2662 eluctatus
1149 2618 1190 2662 est
1209 2613 1288 2684 mala,
1307 2627 1369 2662 nus·

261 2706 306 2741 seu
323 2692 385 2758 quid
401 2692 525 2745 adversus
544 2695 656 2760 aliquem
672 2696 736 2746 licet
757 2695 795 2744 in·
835 2704 911 2756 quum
940 2687 1102 2739 adversando
1128 2687 1275 2752 lyffflflfflll
1304 2687 1368 2738 ”lm

261 2768 366 2819 noxium
395 2769 420 2819 ei
447 2779 590 2835 suggerant
616 2772 745 2822 delatores
766 2777 795 2822 et
834 2768 970 2832 ceteroqui
990 2764 1152 2831 profuturus,
1162 2765 1184 2815 si
1199 2779 1274 2816 secus
1292 2764 1368 2815 fecis·

213 2853 217 2861 ·
261 2842 417 2895 adulatores.
462 2846 542 2898 Certe
568 2848 693 2898 delicatas
714 2843 797 2899 hebet
834 2851 884 2896 set.
917 2846 1015 2896 Contra
1024 2851 1169 2896 torrentem
1182 2844 1369 2895 uilidicituris

263 2935 338 2973 aures
358 2923 468 2988 quilibet
485 2924 622 2991 Princeps.
663 2926 734 2977 Hinc
748 2924 795 2975 Sa·
835 2922 880 2988 qui
893 2921 1021 2988 quidlibet
1031 2922 1160 2972 incussum
1171 2929 1265 2973 tentat.

261 2998 336 3065 piens
346 3007 444 3062 monet,
452 3001 554 3051 Eccles.
566 3016 589 3052 c.
598 3006 623 3051 8.
634 3003 643 3031 ‘
656 3002 698 3052 Ne
709 3002 795 3065 litiges
866 3003 898 3049 91
928 3000 1009 3050 Vitem
1027 2999 1161 3063 impendere
1179 3000 1245 3064 vero]
1270 2997 1369 3049 Mortis

262 3091 323 3126 cnm
334 3076 444 3126 nomine
464 3077 590 3142 potente,’
609 3082 658 3129 &a
681 3084 709 3129 et
728 3078 795 3128 Pro·
835 3075 1070 3141 adirepericulnm‚
1087 3076 1165 3125 animi
1181 3090 1258 3125 seusa
1272 3076 1369 3125 verita·

261 3154 336 3204 verb.
354 3169 379 3205 c.
399 3159 440 3205 88.
462 3156 593 3208 ‘Quando
616 3156 714 3206 sederis
735 3170 795 3206 cunr
835 3160 941 3217 temque
952 3153 1033 3203 libere
1049 3153 1170 3217 dicendo,
1187 3160 1217 3205 ut
1230 3153 1298 3205 fecit
1318 3154 1367 3205 Pa·

262 3229 400 3293 Principe,
415 3230 724 3294 diligenterattendesm
736 3232 795 3282 Sta·
835 3229 964 3294 pinianus,
987 3244 1065 3295 quem
1087 3228 1175 3281 ferunt
1200 3232 1315 3282 occisum
1334 3230 1368 3281 ab

263 3313 308 3356 tue
317 3306 428 3357 cultrum
439 3306 466 3357 in
478 3313 584 3370 gutture
596 3307 658 3358 tuo!
687 3307 795 3368 Persius
835 3304 968 3357 Antonino
985 3306 1129 3370 Caracallo,
1146 3308 1216 3372 quod
1233 3307 1294 3358 huic
1311 3312 1371 3373 post

262 3390 351 3433 autem
360 3383 414 3434 Sat.
427 3397 447 3433 1.
457 3398 494 3433 vs.
507 3384 582 3434 ltll.t
595 3382 645 3433 Sed
658 3384 719 3449 quid
730 3399 813 3448 opus.
835 3383 1002 3434 interfectum
1031 3381 1140 3434 tratrem
1170 3383 1275 3448 Getam,
1301 3397 1371 3434 muu-

261 3465 366 3509 teueras
381 3458 496 3509 mordaci
508 3459 599 3508 radere
610 3473 672 3509 vero
684 3458 795 3509 Auricu-
836 3459 909 3509 denti
925 3466 956 3509 ut
972 3457 1074 3510 facinus
1085 3459 1197 3510 dilueret
1208 3473 1267 3510 cum
1285 3461 1313 3510 in
1324 3460 1369 3510 Se·

257 3536 300 3585 'las
308 3535 325 3584 θ’
342 3538 393 3586 &a
835 3544 910 3598 natu,
921 3552 980 3587 cum
992 3537 1061 3602 apud
1073 3536 1213 3601 Populum,
1224 3537 1368 3602 respondit,

295 3618 326 3664 87
345 3614 386 3663 De
393 3613 490 3678 pluviis,
507 3617 550 3663 cut
563 3612 667 3677 estibus,
683 3612 736 3677 lfa]
753 3615 796 3664 De
836 3629 889 3664 uon
908 3615 946 3664 ita
966 3613 1042 3664 facile
1061 3614 1228 3678 parricidium
1248 3614 1368 3665 excusari

260 3689 360 3739 frivolis
377 3689 508 3755 quibusvis
527 3690 603 3740 rebus
614 3690 635 3740 si
651 3690 712 3755 quid
729 3688 798 3740 affir-
836 3704 921 3754 posse,
937 3704 1014 3754 quam
1029 3688 1095 3741 fieri.
1120 3692 1252 3754 spartian.
1272 3690 1301 3739 in
1318 3689 1369 3739 An·

261 3779 315 3815 mes
342 3765 456 3830 Tyranni
484 3765 620 3815 sententia
650 3766 795 3829 adversum,
836 3775 890 3818 ton.
903 3766 1046 3817 cancella.

262 3841 383 3908 quodque
406 3841 468 3891 licet
485 3841 576 3906 jocose
601 3839 710 3906 dictum,
736 3859 796 3894 eum
868 3848 901 3895 98
918 3846 1011 3894 Multas
1019 3841 1123 3908 hyemes]
1141 3843 1250 3894 Politice
1263 3842 1368 3906 locutio,

262 3918 388 3983 offendat,
406 3919 529 3969 ultionem
545 3919 589 3969 ille
605 3921 727 3971 continuo
743 3936 796 3971 me·
836 3922 933 3972 multos
943 3935 1032 3970 annos.
1049 3920 1226 3984 Synecdocbe.

262 3997 398 4048 ditabitur.
431 3997 474 4047 Sic
490 3996 797 4047 Domitianuslevissima
871 3996 1220 4060 Octogesimuoiditsoluitiu]
1236 3996 1369 4046 &mutue

263 4075 296 4123 de
307 4089 385 4125 causa
401 4074 496 4124 multos
515 4074 626 4138 peremit
644 4075 723 4125 etiam
740 4090 797 4141 gra·
837 4073 909 4138 quasi
919 4073 983 4122 Solis
991 4073 1072 4134 startia
1082 4087 1141 4137 quae
1152 4072 1368 4136 duplarium,

258 4165 308 4201 ,ves
319 4153 396 4202 viros.
412 4152 480 4201 Vide
488 4152 595 4203 Sueton.
606 4153 706 4203 Domit.
719 4167 742 4204 c.
755 4158 795 4205 10.
834 4149 960 4214 hyemalis
968 4148 1135 4213 etastivalis,
1144 4149 1245 4215 quando
1254 4150 1298 4199 Sul
1305 4148 1368 4198 Tro·

295 4231 327 4275 88
345 4227 432 4278 Fatum
448 4229 563 4291 pendebat
585 4228 667 4292 omia]
689 4229 795 4280 NemIni
835 4228 908 4292 picus
926 4227 1041 4292 attingit.
1083 4227 1154 4277 ilinc
1176 4241 1227 4278 uon
1248 4226 1367 4290 octoginta

262 4303 357 4370 quippe
366 4306 502 4371 'syrannus
512 4307 606 4373 parcit.
623 4306 795 4360 strennuo·
836 4305 902 4356 dixit
920 4304 1055 4358 luvenalis
1076 4304 1195 4371 Soletum,
1222 4321 1280 4371 quae
1301 4304 1366 4355 sace-
