3059 4925
592 341 848 394 suessonum
1216 331 1261 395 75

157 482 192 559 et
204 483 273 558 394
284 481 444 558 meminit.
466 481 470 486 ⁴
488 488 559 555 Alii
572 489 698 555 dictam
711 493 828 574 putant
842 510 863 555 a
875 490 950 573 legs
961 496 1087 570 satura,
1102 510 1180 576 quae
1194 510 1261 556 uno

155 601 276 677 rugitu
296 593 514 659 multnsimul
528 592 796 678 comprehendat,
809 601 848 660 ut
868 593 997 660 scilicet
1016 581 1178 660 et'Satira
1192 605 1263 659 car·

157 698 251 760 mina
264 697 371 761 multa
385 696 528 761 simulet
542 696 699 779 podmata
712 695 1048 780 comprehenduntur:
1071 696 1169 783 cujus
1181 695 1264 779 legis

160 797 315 864 Lucilius
335 798 483 864 meminit
504 800 539 864 in
557 799 686 883 primo:
713 796 780 865 Per
802 801 949 864 Saturam
974 797 1111 864 AEdilem
1127 800 1265 887 suctum,

159 901 214 986 qui
229 899 342 987 legiho’
357 900 481 968 solani?
520 901 744 986 Isidorilrig.
760 918 795 963 v.
812 904 845 968 6.
876 900 1019 965 ‘Solam
1038 901 1187 967 verolex
1201 907 1264 980 cst,

160 1023 236 1086 quae
251 1003 293 1069 de
306 1005 459 1088 pluribus
479 1006 579 1070 rebus
601 1006 700 1071 simul
713 1006 873 1091 loquitur,
888 1004 979 1072 dicta
1000 1024 1022 1069 a
1041 1005 1139 1089 copia
1157 1021 1266 1069 rerum

160 1113 195 1172 et
208 1109 306 1189 quasi
327 1126 349 1171 a
371 1107 525 1187 sotietate,
540 1109 627 1172 uude
648 1113 683 1174 et
702 1108 848 1174 Satiram
870 1109 1013 1174 scrihere
1033 1115 1087 1174 est
1108 1106 1266 1191 podmata

160 1209 255 1274 varis
266 1210 419 1288 condere,
430 1217 467 1276 ut
478 1211 625 1290 Horatii,
635 1210 822 1291 iuvenalis,
834 1216 867 1275 et
878 1208 1008 1276 Persii?
1037 1208 1134 1275 (loni.
1147 1208 1267 1274 Festus

160 1311 195 1377 in
223 1331 302 1378 voc.
329 1312 457 1394 Satara,
479 1320 514 1379 et
532 1313 646 1380 Acron
669 1314 725 1382 vel
748 1313 914 1402 Porphyr.
938 1313 982 1380 ad
1003 1312 1125 1379 Horat.
1148 1311 1220 1378 Sat.
1240 1328 1265 1384 ι.

161 1416 256 1499 1.·ρῐ.
564 1473 584 1492 ,4

206 1516 288 1584 Meo
302 1520 538 1605 qualicumque
556 1521 689 1607 judicio
704 1522 812 1587 omnis
826 1519 961 1605 quidem
982 1538 1047 1597 res,
1068 1518 1168 1584 toties
1190 1523 1224 1583 et
1246 1537 1269 1583 a

162 1626 232 1686 tam
246 1622 359 1686 multis
373 1622 408 1685 in
423 1624 642 1704 quaestionem
657 1631 790 1702 vocata,
808 1643 874 1687 non
888 1621 998 1706 magni
1012 1619 1099 1687 adeo
1111 1622 1268 1686 momenti

161 1727 224 1800 est,
239 1727 274 1787 et
291 1722 571 1805 quemadmodum
591 1722 822 1804 Cesaubonus,
844 1726 968 1809 quique
981 1724 1055 1809 ejus
1076 1725 1269 1790 senteutiam

163 1823 311 1909 amplexi
335 1830 423 1903 sunt,
445 1828 654 1912 etymologiae
677 1830 774 1893 vocis
790 1824 906 1891 &eura
927 1828 981 1893 vel
997 1826 1116 1908 Satira,
1135 1829 1185 1892 ita
1197 1825 1267 1891 Jul.

164 1925 326 2009 Scaliger,
356 1925 444 1994 Dan.
469 1929 633 1995 Heinsius
653 1931 776 2015 aliique
799 1929 1003 1995 similitudini
1028 1928 1270 1994 vocabulorum

165 2029 306 2113 Satyrice
327 2031 382 2095 vel
406 2031 515 2118 Satyri
534 2039 568 2098 et
594 2029 701 2096 Sotira
723 2035 863 2098 nimium
884 2033 1040 2099 tribuisse
1059 2032 1167 2098 videri
1190 2027 1270 2115 pos·

149 2136 259 2195 sunt:
289 2138 324 2196 at
345 2135 450 2199 multo
476 2136 684 2219 probabilius
708 2141 771 2213 est,
795 2135 860 2200 hoo
883 2135 1064 2200 carminum
1086 2151 1200 2217 genus,
1229 2131 1271 2196 de

165 2252 233 2317 quo
255 2237 424 2317 quaeritur,
447 2240 479 2300 et
500 2236 578 2301 hinc
600 2257 733 2321 quoqne
754 2258 876 2303 nomen
894 2237 979 2323 ejus,
1004 2235 1168 2303 Romanis
1194 2253 1272 2320 pro·

163 2335 273 2419 prium
300 2335 416 2416 fuisse,
440 2358 541 2423 quam
566 2360 588 2404 a
610 2338 742 2422 Graecis
768 2340 964 2425 profectum.
1009 2338 1101 2404 Nam
1128 2338 1273 2423 primum

165 2457 295 2503 omnem
308 2439 376 2506 fere
383 2439 625 2507 dubitationem
639 2444 789 2508 eximunt
802 2442 991 2508 test‘monia
1002 2440 1138 2507 Horatii
1148 2438 1239 2526 (Sat.
1247 2454 1272 2503 ι.

168 2541 220 2608 lo.
242 2541 297 2607 66.
313 2544 371 2607 ubi
386 2542 513 2609 Ennius
541 2544 657 2609 ‘rudis
679 2554 713 2610 et
729 2542 849 2609 Grecis
862 2543 973 2607 intacti
985 2541 1131 2606 cormirrir
1146 2540 1274 2627 auctor'

166 2641 306 2730 dicitur)
316 2651 348 2710 et
359 2645 566 2726 Quintiliani,
580 2646 680 2732 (lust.
694 2646 754 2712 Or.
764 2665 804 2712 x.
817 2647 849 2713 1.
860 2647 916 2712 93.
940 2649 950 2680 ‘
964 2642 1072 2709 Sotira
1088 2655 1156 2708 tota
1167 2653 1274 2706 nostra

167 2753 221 2825 est,
246 2747 281 2810 in
299 2767 366 2832 que
387 2750 514 2832 primus
537 2750 700 2832 insignem
718 2749 850 2814 laudem
867 2747 1008 2832 adeptus
1024 2752 1076 2812 est
1096 2739 1275 2827 Lucilius)

170 2867 247 2933 quae
270 2848 422 2933 profecto
438 2850 536 2935 louge
551 2851 701 2936 digniora
714 2858 792 2947 sunt
804 2851 880 2929 fide,
896 2869 998 2934 quam
1012 2850 1147 2915 incertae
1161 2864 1274 2937 recen·

167 2951 289 3021 tiorum
314 2950 513 3018 Criticornm
536 2954 777 3039 conjecturae.³⁷
816 2950 946 3018 Deinde
968 2951 1038 3029 illa,
1052 2969 1152 3034 quam
1174 2965 1276 3032 supra

672 3129 780 3182 NOTAE

200 3230 232 3276 tl
248 3225 378 3276 Wielsadl
387 3233 451 3278 nota
463 3232 493 3278 1⁶
504 3227 537 3277 sd
548 3228 641 3279 Horat.
653 3228 670 3277 l.
682 3229 700 3277 Ι.
742 3226 821 3276 wire.
834 3226 1024 3278 lenekonnten
1035 3224 1082 3275 mit
1090 3225 1170 3275 voller
1178 3226 1278 3277 Kenot·

167 3312 209 3353 est
225 3304 296 3352 hec:
318 3305 511 3355 ‘Vermathlleh
528 3306 562 3356 lst
579 3305 638 3355 hier
655 3306 702 3355 der
742 3304 796 3352 nise
816 3304 864 3353 der
882 3303 965 3353 sache
988 3302 1129 3366 sprechsn3
1151 3303 1221 3353 dean
1240 3305 1277 3353 sie

168 3379 219 3429 rire
241 3379 353 3429 Dichter
371 3381 469 3430 Eunias
490 3382 612 3445 gemeint.
644 3382 702 3430 Wle
742 3381 834 3430 hutten
843 3379 910 3429 noch
918 3378 1278 3442 alleProductedergriechi-

168 3439 299 3519 intigens,
309 3457 433 3507 nsehdem
444 3458 593 3520 Horaz,der
601 3460 647 3508 mit
655 3457 703 3507 der
743 3457 966 3507 seheaLiteretur
979 3469 1028 3505 vor
1045 3455 1109 3505 sich.
1142 3456 1277 3520 Wirspre·

170 3532 348 3595 griechischen
366 3534 498 3585 uitentur
511 3537 572 3585 sehr
588 3535 704 3586 bekannt
743 3534 810 3583 elren
826 3548 884 3583 vom
902 3533 1022 3594 Mergites
1039 3530 1083 3580 des
1102 3529 1208 3594 Homer,
1227 3546 1278 3580 von

171 3622 234 3671 war,
250 3608 294 3657 dle
312 3610 406 3671 Satyro
424 3625 453 3660 so
473 3612 653 3662 ansdriicklieh
673 3628 704 3661 zu
743 3609 794 3658 den
821 3615 1000 3673 sogenanntea
1022 3605 1096 3655 diiies
1118 3607 1165 3656 des
1190 3607 1278 3657 Xeno·

170 3684 246 3734 einer
270 3684 413 3735 riimischen
435 3685 584 3751 'Erindnog
607 3689 704 3750 machi,
744 3687 840 3752 phanes
849 3684 1012 3744 und'l'imon,
1026 3684 1066 3732 die
1080 3682 1201 3733 meets
1215 3686 1281 3735 metr

170 3761 459 3812 endhierlevoueinem
467 3762 704 3827 heydersprschen
744 3761 828 3824 bien,
839 3760 891 3810 und
909 3760 963 3809 also
979 3758 1028 3808 mit
1044 3759 1094 3808 dea
1105 3759 1215 3824 Satyron
1233 3761 1280 3811 der

170 3853 200 3888 so
210 3838 345 3902 heudigen
352 3838 546 3900 liunstrichter‚
555 3839 592 3888 sis
602 3840 705 3892 Quinti·
746 3839 844 3888 Rimer
855 3837 926 3887 nieht
937 3835 1098 3897 vergisichen
1107 3835 1218 3902 idoneo,
1226 3837 1279 3887 und

171 3914 223 3963 liu
244 3926 309 3974 ver,
325 3913 484 3963 unterstiitst
502 3915 576 3974 vird,
592 3915 634 3962 ein
655 3929 706 3964 mo·
745 3916 839 3965 vollen
868 3913 1019 3978 gleichwohl
1047 3913 1118 3960 mehr
1151 3926 1200 3961 rou
1232 3913 1281 3965 der

173 3988 268 4039 dener
289 3989 484 4039 Grammatiksr
504 3990 559 4040 sich
584 3988 706 4041 einfsilen
744 3992 829 4042 Ssche
848 3991 940 4039 visson
957 3989 995 4037 ais
1016 3987 1104 4037 Horu
1124 3986 1176 4036 und
1200 3986 1281 4039 Quiu-

173 4066 259 4116 insen
270 4065 379 4128 lenate,
391 4065 437 4115 das
453 4066 610 4130 ngeatheil
621 4081 651 4115 aa
664 4066 706 4115 be·
746 4067 918 4120 tilienl-Hr.
928 4067 1018 4131 Fligel
1027 4067 1071 4114 hat
1083 4065 1154 4114 disse
1164 4065 1281 4116 Haterio

174 4142 298 4209 magma,
322 4141 411 4191 wdrde
444 4141 522 4191 keom
550 4140 707 4206 hegrelslich
746 4145 801 4195 ins.
812 4144 909 4194 Gesch.
922 4143 948 4193 d.
957 4143 1026 4192 lom.
1035 4142 1088 4192 hit.
1097 4154 1120 4190 n
1128 4142 1196 4193 M.
1205 4142 1282 4196 Μ’.

176 4230 366 4287 seymweaues
374 4217 707 4284 montinucsesmnger
746 4217 1281 4284 mitesrislersschksnntniu,slsdaros
