3059 4925
517 385 760 438 ιιοιιιιιιοιιιιιι
785 387 924 438 ιοιιιιι.
1223 359 1268 441 Oi

97 537 105 540 “
162 535 177 569 *
189 533 276 599 Sunt
300 533 381 600 olari
408 534 586 619 hodieque,
619 535 733 620 etqui
759 535 839 601 olim
866 534 1152 616 nominabuntur.)
1183 535 1269 608 'l'ras

163 638 302 721 priores,
334 635 504 703 Auruncae
525 646 632 719 natos,
654 660 731 723 quaa
754 638 878 703 Lucilii
905 659 1038 724 quoqne
1059 641 1172 725 patria
1191 639 1268 719 fuit,

163 749 326 808 memorat
338 748 435 807 vetus
449 742 653 807 Scholiastes
666 741 840 808 luvenalis
854 740 897 806 ad
912 741 983 808 Sat
999 760 1023 806 1.
1039 744 1093 809 20.
1114 744 1172 809 ubi
1193 746 1268 811 hae

162 846 310 911 notavit:
343 845 534 911 ’Τιιιιιιιιιι
560 846 642 912 dicit
673 845 805 913 Scaevae
830 843 990 911 Memoris
1012 847 1130 930 tragici
1158 844 1269 931 poetae

162 947 307 1027 fratrem,
330 949 389 1033 qui
403 949 547 1014 libertini
561 950 688 1032 generis
712 949 754 1013 ad
777 949 918 1013 bonores
933 949 1112 1014 ambitione
1132 968 1270 1034 provec-

164 1054 217 1116 tos
231 1057 297 1130 ast,
320 1057 438 1136 potens
459 1054 494 1117 in
517 1053 595 1117 aula
614 1050 900 1136 Vespasianorum
917 1050 986 1116 Titi
1006 1058 1041 1118 et
1062 1052 1269 1119 Domitiani:

163 1154 216 1219 vel
230 1153 389 1219 Lanuini
404 1155 496 1235 dicit,
519 1156 576 1241 qui
591 1161 624 1220 et
642 1157 716 1240 ipse
731 1155 860 1221 Satires
875 1156 1026 1241 scripsit3
1047 1158 1103 1223 vel
1118 1158 1270 1235 Statuas,

162 1262 196 1321 et
210 1257 327 1341 ipsum
352 1261 404 1323 sui
428 1260 588 1344 temporis
603 1261 792 1326 Satiricum.
838 1258 907 1340 Qui
921 1280 1036 1327 omnes
1053 1283 1097 1327 ex
1111 1261 1271 1329 Aurunca

163 1359 315 1425 luerunt?
356 1358 470 1454 Lenito
487 1369 520 1428 et
536 1360 647 1441 Silius,
670 1361 761 1445 quod
777 1363 894 1441 sciam,
918 1383 982 1428 non
996 1365 1073 1430 aliis
1086 1364 1272 1444 laudantur,

163 1464 228 1528 nisi
241 1465 356 1549 potius
369 1466 419 1530 illi
433 1485 552 1531 nomen
566 1465 631 1532 suit
645 1463 770 1540 Lemno,
792 1469 833 1532 de
848 1485 915 1550 quo
929 1486 1030 1552 supra
1044 1468 1127 1546 dixi,
1147 1471 1181 1533 et
1194 1467 1271 1532 huic

162 1585 351 1649 cognomen
370 1564 464 1632 Basso
478 1570 531 1634 vel
547 1566 676 1657 Sparso,
703 1570 762 1656 qui
786 1569 932 1634 rhetores
955 1570 1057 1636 luere.
1082 1571 1131 1659 (v.
1154 1571 1272 1636 Senec.

164 1667 324 1735 Controv.
340 1689 396 1736 ιιι.
411 1689 461 1739 vl.
474 1679 507 1738 et
522 1679 602 1754 vu.)
641 1671 741 1738 Tarni
764 1681 876 1740 antem
902 1673 1030 1739 Satires
1055 1675 1271 1759 amplissimis

32 1841 34 1846 ,
164 1774 276 1839 verbis
306 1781 423 1841 ornant
446 1776 594 1843 Martini.
620 1796 687 1842 vn.
707 1779 762 1845 97.
789 1797 844 1844 ιιι.
861 1777 914 1844 10.
947 1778 1101 1844 Rutilia
1117 1778 1228 1843 itiner.
1245 1794 1271 1842 1.

164 1874 241 1941 600.
266 1884 301 1943 et
325 1878 440 1944 Sidon.
454 1879 603 1964 Apollin.
620 1880 731 1946 Carm.
753 1898 810 1946 lx.
835 1887 989 1946 excusat.
1003 1881 1047 1945 ad
1063 1880 1207 1945 Felicem
1222 1897 1274 1944 vs

164 1977 241 2045 267.
265 1981 363 2047 Conf.
377 1982 583 2049 Wernsdorl.
599 1985 640 2050 P.
655 1985 694 2051 L
710 1984 761 2050 M.
779 1984 855 2050 Vol.
873 2002 929 2050 ιιι.
944 2004 979 2068 p.
994 1985 1047 2050 59.
1063 2004 1115 2066 sq.
1136 1984 1274 2067 quinon

164 2087 261 2150 vanis
286 2086 472 2153 rationibus
496 2086 615 2153 ductus
641 2089 841 2172 suspicatur,
874 2107 949 2152 eum
974 2090 1142 2151 auctorem
1171 2084 1275 2150 fuisso

166 2185 287 2253 Satirae
302 2190 460 2275 prolixae,
483 2211 559 2275 quaa
580 2189 725 2255 Neronis
739 2190 822 2254 vitia
846 2190 1034 2273 sceleraque
1055 2188 1167 2252 omnia
1189 2186 1273 2249 libe·

164 2291 235 2355 rlus
249 2297 283 2355 et
294 2292 392 2376 longo
405 2294 520 2358 ordine
534 2313 705 2359 enarrasse
720 2293 860 2371 videtur,
883 2298 916 2358 et
931 2295 1026 2379 cujus
1040 2290 1273 2374 fragmentum,

31 2405 32 2412 ’
167 2405 271 2459 xxx.
286 2416 402 2461 versus
422 2398 661 2483 complectens,
684 2415 730 2461 ex
751 2395 794 2461 Ρ.
815 2395 971 2487 Burman.
989 2394 1122 2460 Anthol.
1138 2393 1214 2459 Lat.
1233 2392 1275 2457 Τ.

167 2513 208 2561 ιι.
222 2521 258 2584 p.
271 2500 348 2565 645.
363 2500 420 2566 ille
435 2522 511 2567 cnm
525 2502 613 2566 notis
627 2500 778 2565 exhibuit
790 2499 871 2563 ibid.
886 2520 920 2584 p.
934 2501 989 2565 77.
1002 2519 1072 2582 seq.
1096 2498 1149 2562 Ex
1158 2496 1276 2562 eadem

30 2660 32 2685 ,
166 2601 222 2666 rel
241 2602 309 2667 alia
335 2604 438 2669 Turni
463 2607 566 2670 satira
585 2606 680 2689 petiti
695 2602 762 2668 duo
778 2623 904 2681 versus,
927 2604 986 2687 qui
1001 2601 1181 2668 admodum
1202 2618 1277 2665 cor·

30 2714 32 2781 l
166 2711 265 2791 rupte
288 2707 442 2790 leguntur
461 2708 496 2771 in
516 2712 597 2773 vett.
614 2706 756 2772 Scholiis
782 2704 904 2770 Juven.
924 2706 969 2772 ad
990 2705 1060 2770 Sat.
1077 2723 1102 2770 1.
1116 2705 1172 2769 71.
1196 2701 1276 2766 ‘Ex

30 2856 31 2859 ¹
168 2826 239 2891 qua
263 2808 443 2876 Caesareas
466 2811 599 2876 soboles
624 2809 759 2875 horrida
788 2809 936 2874 Locusta
960 2807 1093 2874 Occidit
1116 2826 1198 2871 cura
1221 2804 1276 2868 sui

30 2896 32 2997 ff
164 2932 272 2978 verna
292 2920 371 2979 nota
395 2913 563 2978 Neronis?
607 2911 704 2993 Quos
732 2913 824 2976 varie
849 2912 1060 2976 emendarunt
1082 2910 1145 2974 riri
1170 2907 1277 2972 docti:

169 3013 393 3083 Gasanbonus
407 3018 450 3084 de
465 3017 536 3083 Sat.
555 3016 657 3081 Rom.
671 3037 705 3099 p.
720 3015 796 3081 231.
821 3012 898 3077 ‘Ex
922 3032 989 3095 quo
1012 3010 1051 3076 C.
1065 3032 1093 3076 s.
1108 3009 1278 3076 homicida

169 3118 209 3185 L.
224 3118 373 3199 Occidit,
394 3141 551 3205 curaeque
574 3121 693 3184 veneni
717 3116 852 3182 admota
868 3114 993 3180 Neroni
1015 3121 1066 3179 est
1075 3112 1095 3195 3⁹
1121 3112 1278 3177 Barthius

169 3221 311 3290 Advers.
329 3241 439 3289 xxiv.
455 3226 508 3290 ll.
525 3230 535 3258 ‘
550 3216 716 3288 Circes'vi
730 3240 839 3286 vernae
851 3225 929 3284 nota
940 3215 1087 3295 Neroni,’
1108 3216 1162 3282 vel
1175 3219 1185 3249 ‘
1198 3233 1279 3279 eura

169 3327 300 3392 vivaria
325 3327 372 3411 [h.
384 3348 413 3391 e.
427 3327 557 3412 praedia
571 3349 592 3392 a
613 3324 747 3392 Nerone
762 3322 899 3403 donata]
920 3330 1020 3386 nacta
1034 3320 1177 3384 Neronis
1185 3317 1206 3400 ;’
1224 3317 1278 3383 vir

170 3429 290 3495 doctus
313 3429 350 3493 in
376 3426 530 3495 Miscell?
544 3429 644 3495 Obss.
667 3426 710 3492 Τ.
728 3447 760 3491 v.
776 3449 811 3511 p.
827 3428 903 3492 264.
927 3426 1002 3489 coll.
1019 3424 1109 3489 Suet.
1128 3421 1208 3487 Ner.
1223 3419 1278 3486 33.

30 3556 31 3567 ¹
170 3532 240 3598 ‘Et
268 3553 337 3618 quo
366 3531 557 3600 Caesaream
589 3532 738 3596 sobolem
766 3529 918 3593 Locusta
954 3525 1076 3592 cecidit
1118 3522 1279 3602 Horrida,

171 3636 263 3702 caede
282 3638 355 3700 suis
373 3657 481 3703 vernas
500 3635 573 3719 jam
596 3639 676 3699 nota
699 3631 826 3696 Neroni
837 3629 856 3711 ;’
885 3626 1091 3692 Wemsdorf.
1105 3626 1161 3690 l·l.
1173 3646 1207 3708 p.
1222 3623 1278 3689 82.

169 3741 183 3778 ·’
198 3738 250 3805 Ex
268 3759 336 3822 quo
351 3737 390 3803 O.
405 3760 433 3805 s.
447 3738 612 3803 horrenda
626 3735 775 3801 Locusta
786 3732 934 3811 Occidit,
952 3729 1048 3795 Circe
1063 3729 1148 3794 inter
1161 3745 1279 3791 vernas

159 3848 248 3925 ‚nota
263 3841 431 3920 Neronis,’
451 3841 507 3907 vel
529 3845 540 3876 ‘
556 3859 675 3905 curans
691 3839 776 3904 saevi
790 3838 861 3902 fera
874 3841 954 3899 vota
969 3831 1133 3898 Neronis!

213 3943 397 4009 sunnon
424 3963 452 4008 s.
482 3942 679 4019 Sunrrrrrt,
711 3939 827 4004 Caleni
851 3957 952 4015 uxor,
983 3942 1104 4020 praeter
1133 3931 1280 3997 carmina

131 4054 137 4059 ’
173 4046 335 4111 amatoria
348 4045 502 4125 satiram,
524 4044 565 4110 de
580 4049 735 4126 corrupto
748 4043 796 4106 rei
810 4040 956 4126 publicae
973 4042 1062 4102 statu
1076 4034 1279 4117 temporibus

173 4146 370 4228 Domitiani,
392 4154 470 4215 tunc
485 4148 632 4232 scripsit,
656 4165 733 4212 cam
747 4151 907 4230 tyrannus
927 4141 983 4206 ille
1002 4139 1112 4204 edicto
1131 4135 1280 4220 philoso-

173 4248 257 4333 phos
270 4250 364 4319 Urba
378 4252 573 4341 expulisset.
617 4250 671 4318 Ba
695 4248 805 4316 adbuc
826 4250 932 4324 extat,
963 4247 998 4308 et
1025 4239 1140 4307 multis
1165 4252 1280 4317 exem·
