3059 4925
230 429 233 437 ·
259 399 329 464 002
615 415 780 464 444411
804 414 1028 477 tuvausnts

261 559 481 645 Proluit-ergo
493 560 575 625 nibil
587 562 721 638 misero,
737 560 827 644 quod
842 561 994 626 eominus
1008 580 1104 627 ursos

263 663 405 747 Pigebat
418 661 596 741 Numidae,
608 660 739 727 Albana
751 663 862 727 nudus
875 684 974 729 arena
1305 664 1369 731 100

261 765 424 832 Venator.
469 763 556 844 Quis
570 767 656 830 enim
666 767 740 851 jam
753 786 821 830 non
834 768 1000 849 intellegat
1014 774 1101 834 artes

262 867 454 933 Patricius?
478 869 554 953 quis
569 872 715 954 priscum
728 869 811 933 illud
824 871 962 934 miretur
975 888 1127 947 acumen,

255 1052 326 1112 setta·
331 1057 440 1116 44414111,
448 1057 509 1119 qaod
517 1070 583 1105 44444
589 1056 616 1105 N
615 1055 728 1104 umidieor
734 1069 806 1118 prope
814 1052 961 1113 confodiebat
968 1055 1099 1103 denudatus
1107 1058 1204 1109 4444144
1212 1051 1239 1101 14
1246 1067 1320 1101 mette
1325 1050 1370 1101 At-

260 1119 331 1170 5444.
342 1121 405 1170 Num
412 1122 465 1184 quia
471 1122 589 1171 44464444
595 1120 771 1184 comprehendat
779 1116 987 1170 44144111451114441
997 1118 1058 1175 Quis
1064 1118 1194 1167 admiretur
1199 1121 1299 1166 ueterem
1306 1122 1372 1166 14444

265 1376 300 1427 111
311 1395 356 1429 uon
367 1378 400 1429 ait
411 1382 453 1429 22.
469 1379 613 1429 4441144415.
636 1379 1372 1442 [1444114545.10.11.15.14.17.1004.45.47.40.

263 1448 303 1495 54.
322 1449 363 1494 57.
381 1448 422 1494 58.
440 1448 480 1494 70.
498 1448 537 1493 75.
557 1448 597 1494 76.
609 1448 648 1495 82.
671 1446 800 1507 gigantum
817 1450 856 1495 11.
874 1451 914 1496 15.
927 1449 966 1495 16.
976 1448 1016 1494 25.
1026 1448 1119 1494 41148.
1132 1449 1173 1493 50.
1184 1450 1225 1493 55.
1236 1446 1371 1492 51151169.

262 1513 346 1559 71-74.
356 1513 396 1560 77.
406 1509 648 1572 41-0044441444
658 1516 781 1561 15.-100
794 1511 956 1561 Nuntiatur.
965 1526 980 1559 a
989 1525 1023 1560 tn.
1032 1524 1085 1560 444.
1093 1509 1180 1558 bureau
1192 1513 1231 1559 14.
1243 1512 1285 1557 21.
1297 1512 1372 1557 22.—

263 1578 309 1623 tol
321 1574 375 1633 jum
385 1575 459 1623 abest
470 1588 486 1622 a
498 1578 537 1623 14.
551 1575 752 1637 15141411144441
764 1581 804 1625 14.
820 1575 936 1636 iutelligit
950 1579 988 1623 15.
999 1578 1041 1624 77.
1058 1576 1181 1636 intellegat
1191 1589 1238 1637 pro
1248 1572 1371 1633 intelligat

264 1642 304 1687 17.
347 1638 469 1700 Bentian
497 1640 565 1688 unde
586 1646 814 1703 receptam—tou
829 1643 930 1690 44144144
946 1655 995 1704 pro
1014 1640 1120 1689 miratur
1147 1638 1268 1689 revocavi
1285 1652 1320 1686 ex
1330 1641 1372 1687 25.

262 1707 355 1757 41148.
368 1707 409 1755 49.
421 1709 462 1754 54.
474 1710 514 1755 55.
526 1708 566 1756 50.
577 1709 618 1756 50.
627 1709 668 1755 00.
680 1709 721 1756 62.
731 1710 817 1756 04-74.
834 1706 955 1770 quoniam
970 1704 1123 1770 exquisitius
1134 1710 1184 1767 est,
1194 1710 1223 1755 et
1234 1702 1373 1768 praecessit

759 1855 867 1905 NOTAE

261 1980 351 2031 Malim
368 1982 470 2032 humilis
490 1998 547 2034 4444
566 2000 597 2036 ae
614 1986 750 2049 obscurus,
767 1994 795 2036 41
835 1988 889 2036 Η14
904 1986 987 2051 igitur
1007 1983 1170 2050 intelligendi
1190 1985 1289 2047 leones,
1307 1996 1370 2048 qaae

260 2070 402 2122 exgenere
419 2074 518 2124 eorum,
535 2061 579 2126 qui
597 2071 738 2126 propterea
756 2063 795 2112 di·
835 2063 939 2128 quidem
968 2063 1012 2113 ubi
1040 2064 1150 2128 primurn
1178 2060 1290 2110 Romani
1311 2072 1371 2109 con·

258 2140 357 2183 uuntur
381 2134 472 2185 Terrae
493 2136 541 2186 lilii
568 2152 599 2187 44
628 2138 755 2204 gigantes,
779 2156 795 2189 a
833 2136 1368 2204 spexerunt,notonomiueacdomestico

260 2208 375 2281 aluredus,
387 2213 466 2273 441γῆ.
484 2212 551 2262 Vide
570 2212 645 2263 Pers.
659 2215 740 2265 Satis.
754 2231 793 2266 vs.
835 2218 1000 2280 appellabant
1018 2231 1094 2279 areos,
1112 2214 1265 2266 Numidicos
1283 2220 1369 2262 sutem

262 2300 299 2335 44.
317 2292 357 2337 57.
374 2293 403 2337 41
421 2304 475 2354 seq.
495 2295 524 2339 et
541 2305 599 2354 quae
618 2306 664 2341 uos
682 2292 747 2344 ibid.
765 2300 794 2344 et
835 2293 1009 2358 Libyeoa,ant
1020 2292 1168 2355 Africanos,
1179 2292 1211 2340 ad
1224 2290 1370 2341 distinctio-

261 2361 331 2426 Ang.
343 2365 424 2414 Polit.
438 2366 548 2416 01144411.
559 2383 583 2417 4.
596 2373 636 2419 18.
834 2384 902 2419 uam.
919 2370 994 2419 Unde
1006 2377 1034 2419 et
1044 2368 1173 2419 coutmuui
1184 2380 1304 2415 sermone
1313 2366 1369 2417 vir·

293 2434 326 2489 00
343 2440 445 2505 Misero]
464 2442 559 2495 iuveni
571 2443 663 2494 Acilio.
834 2446 1060 2508 4111441144145.
1078 2455 1106 2497 41
1121 2449 1145 2496 0.
1163 2442 1239 2506 dixit,
1255 2442 1369 2507 ‘pellem

295 2517 364 2575 Quod
383 2520 489 2569 44441444
508 2536 575 2572 uram
588 2522 695 2589 figebat]
734 2527 794 2575 Non
834 2526 1057 2590 Libystidmarsae
1066 2525 1082 2575 i'
1101 2540 1158 2589 pro,
1169 2526 1255 2573 144444.
1273 2522 1367 2587 Neque

258 2594 316 2643 sine
337 2610 430 2659 magno
453 2596 515 2647 41144
540 2599 667 2663 periculo,
686 2612 794 2667 captans
834 2617 1057 2668 veroqueuquam
1075 2616 1179 2654 movere
1190 2601 1269 2651 debet
1281 2609 1370 2650 aneto·

260 2673 372 2736 gratiam
384 2675 539 2738 Domitiani,
551 2677 595 2741 qul
611 2679 741 2740 gaudebat
752 2697 796 2732 ve·
834 2681 899 2730 ritas
918 2681 1057 2741 Herodoti,
1072 2679 1163 2742 Soliui,
1179 2678 1323 2740 Strabonis,
1340 2684 1369 2728 ut

258 2751 378 2800 44114444
390 2753 468 2804 edere
485 2755 650 2821 seeuieosque
667 2758 751 2821 ludos,
768 2760 794 2809 in
834 2756 913 2806 docet
924 2756 1020 2806 ibidem
1032 2756 1136 2819 Lipsius
1148 2755 1260 2805 erudite.

259 2826 337 2878 Albae
356 2827 565 2896 Amphitheatro,
581 2834 642 2884 dum
665 2837 796 2900 outnqua-
867 2836 915 2881 100
931 2831 1117 2894 duantum]
1132 2831 1200 2880 Vide
1209 2827 1368 2893 superiorem

262 2903 314 2953 tria
334 2905 460 2957 Minerva
477 2910 616 2973 quotannis
634 2912 795 2976 celebrabat,
836 2908 943 2958 Notum.

261 2988 331 3031 teste
349 2982 422 3032 Suet.
446 2985 544 3037 Domit.
567 3003 590 3038 4.
608 2992 632 3037 4.
656 2990 702 3038 461
724 2989 795 3041 feras
868 2986 954 3035 610401
968 2983 1326 3049 05010111010100010118,
1342 2990 1371 3033 01

261 3060 326 3108 varii
342 3061 445 3124 generis
454 3070 578 3115 centenas
593 3066 649 3133 ipse
666 3067 796 3119 conficere
835 3062 1123 3128 01010001000100110
1139 3061 1369 3120 1010800001ῑὸοῢ

260 3143 320 3185 arte
340 3152 440 3189 summa
460 3140 640 3208 industriaque
661 3153 796 3209 spectatus
834 3140 1034 3190 441411444144
1046 3139 1170 3198 vestibus,
1182 3146 1212 3189 ut
1228 3139 1368 3188 amentiam

262 3219 309 3263 est.
327 3214 395 3266 Ibid.
407 3230 431 3265 4.
445 3221 485 3268 10.
835 3218 978 3279 sbnularet,
998 3217 1119 3280 exemplo
1141 3216 1228 3277 Bruti,
1249 3215 1300 3272 de,
1316 3231 1368 3279 quo

295 3287 368 3339 Urma
400 3292 528 3357 Numidas]
563 3295 596 3344 Id
628 3301 679 3357 est,
705 3296 794 3349 leones
835 3293 983 3350 0101110110·

261 3365 360 3415 validos
379 3382 414 3417 ex
430 3383 461 3418 ea
480 3370 587 3435 regione
607 3372 717 3437 Africa,
736 3392 794 3441 quoe
868 3374 913 3419 101
931 3369 1139 3434 Arteaputririm]
1156 3370 1216 3421 Jam
1227 3370 1368 3432 441141Βο

260 3443 337 3494 bodie
358 3445 531 3509 Biludulqerid.
560 3448 643 3499 Porro
671 3447 802 3502 Numidia
834 3447 954 3496 mitiauua
974 3454 1045 3497 artes
1067 3446 1209 3507 Nobilium,
1227 3446 1272 3510 qui
1295 3443 1366 3494 metu

250 3518 368 3593 *proprie
380 3520 454 3571 dieta
463 3524 515 3573 sita
526 3533 582 3580 erat
594 3525 638 3576 ubi
650 3542 718 3576 nunc
733 3537 795 3578 sunt
835 3524 925 3574 mortis
936 3524 1105 3575 stoliditatem
1122 3519 1367 3586 simulant,f.iuuiun1

261 3595 794 3666 3441441044414411444444414411-
835 3602 948 3651 Brutum
961 3602 1099 3652 imitantes.
1353 3659 1355 3662 ¹

261 3672 491 3737 tioneAlgeriaua.
524 3677 645 3742 Magnam
662 3680 704 3730 bic
720 3681 794 3732 litem
867 3682 916 3727 101
938 3679 1049 3728 Primum
1069 3678 1130 3726 illud
1150 3691 1259 3739 4444444,
1281 3676 1368 3737 Brute,

261 3748 347 3799 Plinio
358 3760 462 3802 movent
475 3754 601 3817 nonnulli,
612 3771 690 3822 quam
707 3766 795 3808 tamen
833 3758 910 3820 mum]
930 3757 1046 3807 Audiens
1062 3757 1131 3806 enirn
1147 3758 1243 3805 Brutos
1259 3754 1366 3805 fratrem

262 3824 329 3875 suite
337 3826 436 3877 dirimit
446 3829 515 3882 Just.
523 3832 624 3896 Lipsius
634 3834 719 3884 Eleet.
731 3840 792 3886 ml.
834 3849 907 3884 suum
919 3849 978 3883 cum
995 3834 1151 3899 primoribus
1162 3833 1278 3882 civitatis
1289 3831 1367 3894 inter·

261 3899 305 3949 ubi
322 3901 435 3954 Plinium
452 3907 555 3970 egregie
575 3907 699 3975 vindieat,
713 3926 793 3976 ertpe-
833 3908 940 3975 fectum,
957 3911 1091 3975 Tarquinii
1112 3910 1226 3973 Superbi
1248 3907 1366 3959 avunculi

261 3975 352 4044 ditque
372 3981 456 4030 locum
477 3981 532 4048 ejus
554 3998 616 4035 vttr.
637 3989 678 4036 56.
711 3987 793 4039 Asido
833 3990 874 4039 sui
890 3989 1015 4039 sevitiam
1032 3989 1110 4039 elusit
1123 3989 1257 4053 stupidum
1276 4004 1304 4037 44
1320 3986 1365 4037 lin·

261 4055 334 4104 44414
360 4057 497 4123 oalidaque
525 4062 580 4111 solo
609 4077 659 4113 noa
680 4065 794 4128 gaudent
833 4080 895 4129 gens
905 4081 936 4117 44
946 4067 1072 4126 bardum:
1085 4067 1172 4132 sicque
1181 4067 1244 4116 iram
1253 4065 1366 4130 dissimu-

261 4133 325 4193 ursi,
342 4134 411 4184 unde
429 4136 490 4194 nulli
510 4144 570 4188 4441
589 4138 615 4187 14
630 4139 730 4203 Africa,
747 4150 794 4194 441
833 4143 900 4204 lans,
917 4149 944 4192 et
957 4157 1012 4192 4444
1030 4151 1085 4192 tum
1103 4143 1163 4193 vltae
1181 4145 1322 4204 consuluit,
1339 4146 1366 4191 et

259 4209 314 4256 rari
331 4211 468 4262 admodum
488 4213 559 4278 iique
581 4216 672 4267 minuti
694 4234 724 4268 ac
746 4219 794 4271 im·
834 4219 941 4270 ultionis
952 4218 1113 4269 occasionem
1132 4219 1236 4270 taudem
1253 4226 1295 4270 est
1306 4230 1365 4268 eon·

261 4283 380 4336 bellaria
391 4295 516 4348 44441444
528 4287 597 4341 sorte
611 4293 792 4359 aliquemne
832 4302 946 4346 4444144.
963 4296 1017 4346 Tit
1029 4296 1086 4346 Liv.
1099 4310 1118 4346 ι.
1130 4300 1171 4347 56.
