3059 4925
619 391 759 444 sauma
782 391 835 443 Vl.

173 539 291 626 Quint
315 537 407 625 quod
422 548 456 607 et
470 538 616 622 antiqnis
628 559 717 605 uxor
730 539 773 604 do
786 538 935 603 moribus
948 537 999 603 illi

172 639 354 723 Quaeritur.
400 642 431 706 Ο
446 640 570 706 medici
583 640 727 706 mediam
741 639 927 725 pertundite
942 657 1073 705 renam.

171 735 323 812 Delicias
336 745 497 811 hominis!
519 743 701 828 Tarpeium
714 745 815 809 limen
830 744 934 809 adora
964 789 967 794 >

167 846 313 927 Pronus,
327 852 361 911 et
375 853 525 912 auratam
540 844 666 910 Junoni
680 845 774 910 caede
784 845 975 929 juvencam,

170 949 209 1018 Si
223 952 285 1016 tibi
297 951 469 1032 contigerit
482 950 605 1034 capitis
617 954 772 1015 matrone
785 949 914 1032 pudici.

169 1051 299 1118 Paucae
314 1053 401 1120 adeo
415 1052 545 1118 Cereris
559 1054 661 1119 vittas
676 1052 863 1135 contingere
879 1051 999 1135 dignae,
1233 1050 1278 1113 60

171 1153 321 1234 Quarum
332 1176 401 1221 non
414 1156 530 1222 timeat
543 1160 637 1239 pater
651 1156 781 1221 oscula.
827 1155 936 1219 Necte
951 1170 1108 1219 coronam

170 1256 345 1337 Postibus,
361 1263 395 1324 et
408 1258 528 1324 densos
543 1278 602 1343 per
615 1258 732 1323 limina
745 1258 843 1323 tendo
857 1257 1045 1342 corymbos,

170 1447 838 1515 manmtmatgmreiaaboenioutmnt
870 1441 1283 1508 oneretaaenioamonoetm

169 1514 230 1565 dite.
264 1516 288 1562 0
302 1515 408 1578 adeptus
423 1514 493 1563 uiri!
518 1514 658 1563 maran
674 1513 897 1573 amoriensem
916 1512 1049 1575 Taraciam,
1065 1516 1136 1573 otqae
1145 1512 1224 1560 macta
1234 1509 1281 1557 Ja-

169 1580 228 1629 ma'
246 1578 354 1629 baerna
372 1580 516 1641 innumera,
532 1579 555 1627 ai
573 1579 619 1628 siba·
637 1579 741 1628 66666611
759 1577 941 1637 massaritios
961 1576 1046 1640 candia
1063 1574 1133 1625 aaut.
1165 1574 1206 1623 liu
1222 1584 1282 1623 auru

167 1649 291 1693 6666616166
317 1648 446 1693 annolus
468 1643 585 1703 faciolas
616 1643 721 1704 Cereris,
751 1658 851 1706 numm
880 1642 947 1691 basio
975 1642 1071 1703 genitor
1100 1640 1164 1688 laad
1183 1642 1281 1688 maol.

173 1708 282 1759 Coralius
299 1709 374 1759 aulon
391 1709 475 1773 alliga
493 1713 563 1773 nque
580 1709 666 1774 spissos
682 1723 785 1757 rocem
799 1708 904 1759 hederae
919 1708 1014 1757 intende
1022 1719 1066 1772 per
1078 1704 1155 1765 fores.
1192 1703 1282 1753 Unicus

635 1829 814 1858 &mennon

171 1924 205 1972 16
224 1921 349 1971 centnm
358 1926 516 1972 6666116613.
550 1921 666 1973 bidentem
675 1937 722 1988 pro
727 1921 855 1984 jamtum
865 1920 980 1987 quidam,
990 1918 1060 1971 forte
1071 1915 1283 1983 (animaverant,

170 1985 306 2037 bidentem
317 1986 414 2039 lunoni
430 2002 532 2037 sacrum
546 2002 613 2038 ease.
645 1988 697 2038 Sed
714 1989 808 2040 nasutis
817 1987 925 2038 66661666
942 1986 1033 2036 natu
1046 1984 1148 2060 66616166
1162 1984 1281 2034 duntaxat

171 2051 307 2100 immistas
322 2061 371 2101 ease
387 2058 485 2116 preter
504 2051 568 2104 allos
583 2052 661 2103 docet
679 2052 780 2103 Plinius
794 2067 898 2104 xxxin.
909 2054 1001 2102 1.-49
1022 2047 1140 2110 rotomi
1154 2051 1196 2097 22.
1218 2053 1281 2095 aru.

171 2129 212 2179 pr.
243 2111 321 2179 666116
338 2120 443 2166 13.-56
459 2121 515 2166 snat
531 2132 578 2181 pro
594 2120 651 2168 adeo
668 2123 709 2169 la.
747 2119 830 2181 digana
848 2118 944 2167 Cereris
961 2115 1097 2177 malagna
1116 2113 1281 2161 61116614.-

171 2185 203 2230 61
216 2182 295 2231 mula
303 2186 402 2245 turgere
410 2185 488 2232 cados
499 2185 615 2233 1n.-nn.
627 2188 656 2233 et
666 2183 741 2233 lib-9³
752 2183 856 2249 ejectio
867 2186 909 2234 18.
920 2185 987 2232 necte
998 2193 1045 2244 pro
1052 2179 1122 2229 tende
1133 2182 1174 2227 16.
1185 2179 1226 2226 16.
1238 2176 1286 2238 17.

675 2330 782 2383 NOTAE

171 2423 233 2475 mile
242 2424 304 2492 qnid
314 2426 340 2476 in
349 2425 434 2478 Scena
441 2426 571 2480 exhibuit:
584 2425 706 2481 nimirum
781 2429 908 2496 Tarpeiam
919 2427 990 2479 limen
996 2422 1081 2489 adoro]
1098 2423 1192 2476 Jovem
1204 2417 1281 2484 Capi*

171 2503 205 2553 ab
218 2502 337 2567 adultera
347 2506 485 2558 confestim
503 2509 569 2559 cista
584 2509 706 2560 obtectus
746 2509 864 2572 telinum,
882 2507 958 2572 cujus
970 2504 1039 2555 aedes
1055 2502 1083 2552 iu
1098 2513 1158 2551 aree
1172 2513 1203 2548 ac
1214 2503 1281 2560 rupe

169 2586 201 2631 et
212 2594 229 2630 a
240 2589 325 2632 morte
336 2591 455 2634 servatus
465 2591 515 2648 est,
531 2599 608 2651 quam
625 2585 705 2636 dubio
745 2585 865 2650 Tarpeia,
875 2583 942 2646 cole,
954 2582 1030 2647 eique
1041 2576 1160 2629 sacrifiea
1167 2589 1215 2640 pro
1228 2580 1281 2624 tam

171 2659 265 2721 procul
275 2658 405 2711 intulisset
415 2661 440 2711 ei
450 2660 580 2724 deprenso
587 2660 627 2710 vir
634 2659 706 2709 adul·
744 2661 870 2725 siugulari
884 2658 1021 2709 beneficio.

169 2734 266 2787 terium
284 2737 371 2786 uxoris
390 2735 560 2800 injuriamque
580 2750 652 2785 suam
667 2736 706 2784 ol-
777 2741 811 2786 48
825 2737 945 2786 Auratum
960 2731 1051 2782 damni
1067 2731 1130 2779 6666
1143 2722 1281 2789 juvencam]

171 2809 282 2862 discens.
298 2812 468 2862 Tumenxx.
480 2816 504 2861 8.
744 2812 815 2862 Plin.
834 2814 969 2860 muna
995 2805 1121 2856 ‘Auratis
1142 2799 1281 2864 cornibus,'

202 2886 302 2951 batim]
332 2888 360 2937 ls
382 2888 535 2939 Domitiano
554 2896 629 2938 earns
648 2892 706 2941 erat
744 2888 840 2953 inquit,
852 2889 860 2915 ‘
872 2886 957 2936 hostia
967 2884 1079 2950 majores
1090 2881 1218 2931 duntaxat
1236 2877 1282 2927 im·

170 2965 273 3017 mimus.
290 2968 334 3017 De
343 2980 394 3031 quo
402 2967 458 3016 Sat.
469 2979 490 3017 r.
501 2971 541 3017 66.
553 2968 561 2995 ‘
575 2967 602 3016 Is
613 2975 706 3031 postea
745 2961 928 3034 molebantur?

171 3049 281 3107 propter
297 3042 452 3092 adulterium
467 3042 617 3092 Messalinae
635 3042 708 3107 puni·
779 3040 882 3104 Jaaoaa]
899 3038 1039 3101 Pronuba,
1060 3030 1173 3100 conjugii
1193 3030 1282 3096 praesi·

172 3123 214 3169 tur
233 3117 290 3181 eat,'
314 3116 401 3183 inquit
416 3123 492 3168 vetus
511 3117 597 3168 Schol.
634 3118 706 3168 Mar·
746 3118 782 3183 61,
808 3122 836 3167 et
862 3116 991 3167 adulteria
1013 3114 1110 3164 acriter
1130 3107 1282 3160 vindicanti.

172 3192 228 3243 tiul.
238 3194 315 3258 Epig.
327 3208 367 3244 rx.
379 3199 420 3244 26.
438 3194 542 3244 ‘Dulce
553 3193 634 3244 decus
646 3195 706 3244 Sce-
746 3195 840 3260 virgil.
851 3195 910 3244 AEn.
928 3208 967 3244 ιν.
985 3190 1100 3244 ‘lunoni
1110 3193 1172 3239 ante
1184 3199 1282 3249 omues,

172 3285 222 3334 nae,
239 3271 358 3321 ludorum
376 3270 446 3321 fama
462 3272 571 3322 Latinus
589 3270 706 3336 Ille—ego
746 3266 789 3325 ciii
801 3273 887 3323 vinela
891 3271 992 3336 jugalia
1003 3259 1090 3320 curre)

173 3361 238 3405 sum,
250 3347 362 3411 plausus,
370 3347 525 3412 deliciaeque
537 3345 608 3410 tnae‚'
616 3350 666 3398 &o
748 3385 750 3388 -
778 3352 811 3399 49
829 3348 936 3413 Cupitis]
952 3345 1085 3411 Corporis.
1103 3339 1281 3407 synecdoche.

205 3427 237 3472 65
257 3420 342 3478 Quia?
357 3422 577 3488 quodetuatiqaia]
593 3424 663 3476 Quin
680 3440 706 3474 6-
779 3431 813 3475 66
839 3424 945 3487 Cereris]
974 3424 1055 3487 Cujus
1074 3420 1160 3470 Sacris
1180 3415 1282 3467 nonnisi

173 3500 236 3550 tiam
249 3505 303 3549 tam
311 3502 408 3551 stultus
417 3508 460 3551 est
468 3501 598 3563 Umidius,
611 3508 640 3552 ut
651 3517 706 3551 eas·
747 3508 826 3553 castae
837 3501 957 3550 mulieres
966 3498 1060 3548 initiari
1073 3496 1213 3548 debebant.
1233 3492 1283 3543 Di·

172 3583 228 3626 tam
246 3577 363 3628 nancisei
381 3592 489 3628 uxorem
509 3585 606 3642 speret,
625 3578 707 3644 qualis
746 3579 888 3630 on.Hallc.
901 3580 918 3628 l.
931 3591 950 3628 1.

172 3668 252 3704 aureo
265 3656 368 3706 saeculo.
785 3655 874 3718 Vittas]
891 3653 992 3706 Quibus
1003 3651 1180 3717 religabantur
1191 3649 1284 3698 Sacer·

206 3734 239 3780 46
256 3731 364 3780 Medium
380 3732 516 3794 pertundite
533 3733 626 3795 oenum]
642 3734 708 3784 Qnae
747 3733 839 3783 dotum
851 3731 947 3781 crines.

173 3808 241 3857 solet
251 3807 332 3857 incidi
340 3807 443 3857 furiosis
456 3823 486 3857 ac
498 3809 664 3873 phreneticis,
675 3808 708 3858 ad
781 3814 812 3858 51
832 3807 931 3870 Oscula]
948 3807 990 3857 Ne
1009 3804 1076 3855 forte
1086 3805 1171 3863 minus
1187 3801 1284 3866 pudica

172 3885 329 3936 medendum
344 3885 433 3937 furori.
749 3886 850 3948 sintae,
863 3899 921 3933 cum
938 3884 1007 3932 inter
1022 3880 1186 3931 salutandum
1202 3875 1284 3926 affini·

206 3965 240 4015 67
251 3963 356 4012 Delicias
366 3962 476 4026 leoninis]
494 3962 606 4012 lroniee.
626 3961 651 4011 0
667 3961 710 4010 de·
750 3962 798 4013 bus
808 3952 1287 4014 etamiciadanturexconsnetudine;

173 4038 282 4091 beatum
293 4039 368 4088 nimis
380 4054 411 4089 ac
423 4039 539 4102 beatum,
551 4039 593 4090 cui
602 4046 656 4088 tam
665 4036 711 4088 fla·
749 4041 783 4090 de
795 4039 995 4104 quaPlin.x1v.
1007 4039 1048 4085 la.
1060 4039 1089 4084 et
1105 4029 1237 4085 Plutarch.
1249 4027 1283 4076 66

176 4115 271 4179 gitioao
289 4114 385 4179 pudica
398 4129 465 4165 uxor
477 4115 632 4180 contigerit!
648 4114 708 4178 Vel,
749 4116 885 4165 mulierum
902 4113 1053 4175 virtutibus,
1064 4115 1091 4158 et
1104 4110 1195 4172 quaest.
1216 4104 1284 4180 Cen<

175 4190 281 4256 qui‘aibi
292 4197 346 4241 tam
363 4190 436 4244 fatua
451 4207 498 4258 spe
510 4192 568 4244 tells
579 4191 710 4243 invenien-
751 4199 802 4242 tur.
814 4190 891 4240 Rom.
902 4194 995 4254 quaest.
1006 4191 1032 4235 6.
1254 4241 1258 4248 ι

177 4268 365 4355 66166616ῐωὶ
544 4266 547 4271 ’
784 4268 860 4318 Necte
875 4256 983 4317 coronaria
998 4257 1116 4328 ambas]
1131 4256 1208 4311 Quod
1224 4252 1283 4307 fieri
