3059 4925
244 320 312 392 ne
530 336 580 385 ns
601 333 684 386 sur.
707 335 866 398 numen,
890 336 1064 400 uousrrr,

243 500 320 547 em
332 477 525 554 vestimmta
535 478 659 543 nubam
672 477 897 561 ierecorporis
907 483 1034 561 purtem
1048 497 1176 563 semper
1185 478 1345 557 bebrant,

243 588 278 648 et
300 582 344 647 in·
355 581 646 646 exercitationibus
661 581 824 664 gymnicis
839 581 952 644 omnia
975 597 1069 663 saepe
1094 580 1344 662 depmerentru,

242 682 513 768 foeminaequeex
535 684 702 767 gynaeceis
726 683 762 746 in
776 682 921 746 virorum
943 681 1212 746 cousuetudinem
1225 687 1344 748 etcoe«

241 790 312 851 tum
325 804 400 849 raro
413 786 570 864 venirent,
591 790 630 851 ut
651 783 772 870 pudori
784 784 934 868 ipsarum
947 783 1065 848 fuisset
1085 782 1344 848 consulendum:

241 887 347 951 multa
358 888 707 966 manserunthouesta,
721 893 756 951 et
768 888 839 951 sine
860 887 984 952 honore
996 885 1169 969 praefando
1192 884 1344 963 dicenda,

242 1007 332 1071 quae,
342 990 616 1054 —vestimentorum
640 989 813 1056 immutata
824 990 964 1066 ratione,
978 993 1012 1051 et
1034 986 1344 1051 verecundiamse·

241 1091 390 1172 quierem
404 1110 535 1168 sexum,
546 1092 604 1175 qui
617 1110 704 1156 nunc
714 1109 781 1155 uon
793 1091 961 1155 minimam
970 1091 1048 1154 vitae
1063 1088 1200 1153 socialis
1212 1093 1344 1171 purten

242 1193 426 1269 constituit,
439 1194 483 1257 ab
493 1194 632 1273 ingenue
646 1198 681 1257 et
689 1192 869 1257 liberaliter
882 1192 1040 1256 institutis
1050 1208 1118 1255 uon
1130 1191 1347 1271 usurpantur.

240 1291 357 1372 Porro,
371 1295 462 1378 quod
477 1301 577 1378 caput
590 1295 671 1362 mihi
682 1295 822 1374 videtur,
846 1314 922 1360 cum
933 1312 1043 1359 mores
1056 1291 1179 1372 civium
1192 1289 1345 1374 discipli-

240 1413 287 1458 na
300 1396 448 1477 publiea,
460 1396 624 1480 majorum
637 1398 794 1460 institutis
808 1402 842 1460 et
860 1396 992 1477 legibus
1004 1395 1151 1460 maxime
1162 1392 1344 1457 formaren-

240 1500 304 1573 tur,
318 1497 361 1559 iis
376 1503 485 1562 autem
508 1498 638 1582 legibus
653 1500 743 1563 cives
764 1505 891 1563 tantum
913 1502 1112 1578 tenerentur3
1135 1498 1248 1575 multa,
1263 1513 1344 1579 quae

240 1599 351 1681 turpia
378 1598 520 1666 fuissent
543 1602 578 1664 in
602 1602 697 1666 cives
710 1603 901 1679 commissa,
920 1601 956 1663 in
970 1601 1157 1683 peregrinos
1179 1616 1344 1663 concessa

239 1705 342 1778 aaut,
357 1702 398 1767 de
412 1704 532 1786 quibus
546 1705 644 1786 igitur
655 1704 756 1770 libere
770 1709 802 1768 et
816 1710 931 1788 aperte
942 1705 1035 1787 loqui
1049 1721 1144 1766 nemo
1156 1701 1343 1777 verebatur,

229 1806 422 1886 'presertim
442 1807 478 1870 in
495 1807 729 1890 elegantiorum
749 1815 783 1873 et
803 1808 1054 1872 delicatulerum
1074 1804 1221 1884 circulis.
1265 1801 1341 1867 Ho-

238 1907 378 1971 nestatis
393 1908 539 1990 quidem,
555 1909 697 1988 decoris,
713 1915 747 1973 et
757 1909 894 1993 pudoris
905 1909 940 1973 vi
954 1908 1060 1990 magis
1072 1905 1222 1981 exculta,
1233 1903 1269 1982 ii,
1281 1902 1342 1988 qui

238 2009 394 2090 gravitati
408 2014 442 2074 et
462 2010 612 2093 dignitati
635 2012 811 2089 studerent,
827 2030 848 2074 a
871 2010 985 2075 multis
999 2007 1133 2092 quidem
1151 2005 1251 2070 dictis
1273 2003 1341 2070 sibi

237 2114 469 2194 temperarunt,
483 2131 559 2196 quae
573 2111 795 2177 multitudiuis
808 2112 936 2177 levitati
950 2114 983 2175 et
1003 2109 1194 2193 petulantiae
1209 2125 1343 2189 semper

237 2212 473 2293 probabantur,
487 2219 523 2278 ut
547 2213 688 2279 Periclis
705 2219 852 2297 tempore
876 2211 1110 2296 Aristophanis
1119 2210 1193 2294 joci
1217 2208 1340 2292 impuri

236 2313 503 2396 Atheniensibus
525 2320 645 2402 quibus
666 2319 850 2383 honestatis
876 2322 1047 2401 praecepta
1061 2316 1218 2380 Socrates
1238 2313 1340 2377 tradi·

238 2416 342 2496 derat,
364 2438 517 2504 quosque
535 2411 664 2503 pulchri
687 2425 721 2485 et
742 2420 872 2487 decoris
886 2439 986 2484 sensu
999 2418 1140 2484 Phidias
1164 2418 1338 2481 imbuerat.

237 2518 380 2586 Omnino
405 2526 514 2588 autern
539 2524 623 2588 inter
647 2524 797 2588 liberales
818 2523 917 2606 jocos
942 2524 1072 2587 lasciva
1095 2541 1226 2605 quoque
1250 2525 1341 2585 etea

233 2622 448 2704 luebantur,
463 2644 601 2709 quorum
613 2627 735 2692 mentio
762 2628 901 2710 ingenue
923 2626 1072 2690 iustibrto
1085 2643 1171 2688 nunc
1185 2624 1338 2686 ruborem

235 2723 427 2805 offimderet,
438 2746 628 2810 quanquam
642 2747 664 2792 a
676 2728 949 2811 philosophorum
961 2724 1253 2810 disputationibus,
1268 2723 1339 2786 his-

233 2827 409 2891 toricorum
433 2828 605 2909 gravitate,
616 2836 650 2895 et
673 2849 738 2893 usu
761 2830 885 2894 forensi
909 2828 1030 2905 aliena,
1050 2825 1159 2910 poetis
1179 2832 1287 2893 tarmen
1301 2827 1339 2891 in

232 2929 350 3010 primis
365 2948 544 3012 concessa3
565 2948 674 3016 eaque
694 2952 740 2995 ex
753 2932 821 2996 illis
834 2932 968 2997 sublata
981 2931 1078 3009 velle,
1094 2936 1152 2995 aut
1173 2929 1255 2995 vitio
1269 2927 1340 2992 illis

233 3028 323 3109 dere,
338 3030 566 3097 absurdissimi
579 3032 703 3097 fastidii
719 3034 868 3097 arbitror.
913 3031 1014 3111 Quod
1028 3034 1058 3097 si
1083 3032 1184 3116 igitur
1199 3029 1337 3109 ovidio,

235 3128 378 3210 (labello,
398 3131 559 3212 Martiali,
573 3135 775 3218 reliquisque
789 3134 901 3218 poetis
916 3155 959 3199 ea
978 3136 1078 3201 venie
1091 3135 1201 3199 danda
1211 3138 1277 3212 est,
1291 3133 1337 3198 ab

234 3233 397 3310 ommibus,
424 3235 482 3316 qui
504 3235 539 3297 in
562 3235 708 3319 legendis
725 3240 909 3320 priscorum
933 3239 1142 3303 monimentis
1166 3241 1277 3303 mente
1301 3239 1339 3300 et

232 3332 430 3414 cogitatione
452 3354 566 3401 eorum
580 3342 776 3421 temporum,
789 3340 912 3423 quibus
926 3340 1067 3425 quisque
1087 3338 1268 3422 scripserit,
1283 3357 1338 3402 ra-

231 3434 353 3499 tionem
375 3443 574 3520 praesentem
596 3441 661 3505 sibi
686 3442 807 3524 fingere
833 3444 950 3522 sciant,
964 3449 1001 3508 ut
1021 3442 1148 3507 lascive
1173 3440 1337 3505 interdum

181 3538 187 3544 ’
230 3537 357 3617 ludant,
382 3558 566 3625 parumque
589 3544 710 3626 pudice
730 3545 929 3628 loquantu13
953 3551 1078 3629 quanto
1101 3546 1259 3630 majorem
1274 3565 1336 3609 ex·

231 3640 439 3705 cusationem
455 3643 582 3709 satirici
596 3644 730 3723 habent,
747 3648 853 3729 quiin
874 3666 982 3723 rerum
1004 3646 1206 3730 turpitudine
1220 3649 1335 3730 exagi-
1413 3718 1417 3723 g

232 3741 345 3820 tanda
358 3743 405 3821 id,
421 3745 510 3829 quod
525 3746 591 3810 sibi
605 3756 862 3831 proposuemnt,
877 3750 946 3813 risu
958 3752 1066 3833 magis
1079 3757 1113 3814 et
1122 3749 1216 3832 j000,
1231 3740 1339 3832 quam

130 3882 135 3893 ·
228 3845 421 3909 austeritate
444 3850 488 3911 et*
499 3848 671 3913 severitate
694 3850 852 3935 consequi
876 3854 1007 3933 queant.
1053 3849 1186 3927 Omnia,
1201 3868 1279 3934 quae
1299 3851 1334 3914 in

220 3942 376 4044 'Horatio
387 3948 487 4014 obvia
502 3954 587 4029 sunt,
615 3970 757 4036 quaeque
779 3954 940 4017 obscoena
954 3957 987 4017 et
1000 3953 1112 4037 turpia
1126 3972 1216 4016 nunc
1228 3971 1332 4017 voca·

229 4066 317 4128 mus,
331 4070 375 4115 ea
398 4051 582 4134 cogitemus
603 4072 625 4116 a
642 4054 722 4119 vitae
735 4054 897 4138 elegantia
908 4054 1085 4120 lautiorum
1105 4053 1334 4123 Romanorum

229 4166 440 4247 nequaqnam
463 4157 542 4223 tunc
558 4154 775 4236 abhorruisse,
789 4172 896 4247 neque
918 4157 1068 4243 ingenuis
1082 4162 1116 4227 et
1137 4154 1334 4233 liberalibus
