3059 4925
231 382 274 448 la
675 393 882 443 remunero.

229 543 369 623 Herolli,
385 538 616 618 Schraderi„et
634 533 796 605 withofii}
842 539 964 605 Nullus
982 545 1092 606 autem
1105 539 1233 621 dubim,
1248 543 1328 627 quin

226 667 293 714 non
305 648 405 712 modo
424 646 538 710 irarum
561 663 715 711 numerus
729 647 762 708 et
777 644 877 728 copia
899 642 1077 708 admodum
1100 646 1213 727 augeri
1228 650 1330 729 queat

228 750 272 814 ab
285 749 340 827 iis,
355 750 474 833 qurlrus
487 744 605 831 major,
627 764 728 830 quam
748 747 839 824 mihi,
868 746 1020 831 supellex
1035 748 1078 811 sit
1090 747 1238 824 libraria,
1264 746 1328 811 sed

226 851 336 927 etiam,
351 852 380 913 si
394 850 470 932 quis
484 848 609 913 ontieae
633 848 714 911 artis
736 849 875 931 peritus,
894 854 928 912 et
951 852 1021 913 tam
1046 848 1209 913 subsidiis
1234 849 1327 932 largo

225 954 414 1030 instructus,
429 970 530 1034 quam
542 949 822 1033 ingeniopoetice
843 948 1048 1034 judicioque,
1064 951 1201 1015 assidua
1221 939 1347 1017 June..

224 1055 310 1120 nelis
322 1051 564 1139 poetarumque
579 1050 787 1115 satiricorum
799 1051 941 1115 lectione
964 1050 1228 1136 formato-atque
1248 1055 1326 1119 suh-
1450 1111 1460 1126 ,

223 1164 312 1235 acto,
328 1161 474 1235 ornatus,
494 1154 624 1219 Satires
647 1153 709 1224 has
723 1155 823 1218 novis
836 1154 924 1218 curis
945 1153 1162 1237 castigandas
1181 1156 1327 1239 suscipi-

223 1267 270 1340 at,
285 1280 402 1345 neque,
423 1263 461 1321 ut
473 1276 546 1341 ego,
559 1274 680 1339 operas
694 1260 820 1325 tautum
838 1255 1033 1328 subsecives
1046 1259 1080 1324 et
1093 1256 1325 1326 umultuarras

222 1363 301 1428 huic
312 1362 443 1445 negotio
458 1356 647 1443 impendere
660 1363 812 1441 cogatur,
826 1357 887 1423 sed
906 1362 1066 1441 quantum
1081 1358 1164 1422 satis
1186 1367 1238 1423 est
1263 1360 1325 1425 otii

221 1464 354 1545 habeat,
368 1465 461 1546 larga
484 1461 591 1530 adhuc
614 1459 724 1525 laudis
751 1460 984 1545 comparanda
1009 1461 1129 1525 messis
1148 1462 1180 1526 ei
1201 1480 1325 1545 prope·

157 1563 169 1573 “
223 1567 289 1636 sita
306 1567 362 1631 sit.
950 1611 953 1618 ,

266 1667 352 1734 Cam
369 1670 405 1737 in
428 1689 469 1734 eo
493 1669 561 1733 fere
583 1670 810 1754 acquieverint
841 1669 1038 1754 interpretes
1066 1666 1252 1745 luvenalis,
1285 1670 1324 1731 ut

219 1775 320 1836 notas
359 1771 486 1854 passim
516 1775 734 1854 aspergerent,
774 1788 852 1854 quae
889 1771 1078 1856 saepissime
1106 1771 1141 1834 in
1168 1770 1212 1834 iis
1237 1767 1325 1851 ipsis

219 1873 314 1950 locis,
338 1872 396 1956 qui
418 1870 617 1936 desidenum
640 1873 739 1941 nobis,
760 1872 859 1936 alieni
884 1872 1012 1937 iaciunt
1040 1872 1170 1949 auxilii,
1194 1890 1256 1935 nos
1281 1887 1324 1933 eo

220 1974 398 2050 destituunt
408 1977 441 2039 et
455 1991 548 2057 spem
562 1975 695 2057 penitus
715 1974 842 2052 fallunt,
867 1974 902 2038 in
927 1974 1004 2038 aliis
1027 1993 1119 2052 vero,
1143 1974 1178 2036 in
1201 1972 1322 2055 quibus

217 2095 314 2141 nemo
328 2095 442 2141 earum
455 2096 555 2160 opem
569 2076 742 2155 desideret,
766 2076 810 2141 ad
832 2077 1004 2141 fastidium
1029 2077 1178 2160 copiosae
1200 2080 1277 2139 sunt
1289 2077 1323 2137 et

218 2178 419 2245 doctaer‘his
444 2177 566 2243 finibus
591 2180 865 2262 qualemcumque
891 2193 1025 2264 operam
1049 2198 1158 2243 meam
1182 2179 1322 2242 circum·

218 2282 321 2346 scribi
346 2281 434 2345 haud
455 2299 588 2363 passus,
620 2281 681 2344 sed
708 2281 890 2362 perpetuis.
905 2281 1040 2365 poetam
1076 2278 1323 2346 commentariis

215 2383 377 2449 illustrare
400 2386 543 2448 conatus
569 2402 669 2447 sum„
698 2380 890 2467 Unicuique
921 2383 1052 2448 Satirae
1065 2382 1148 2448 satis
1173 2382 1320 2467 amplum

217 2487 366 2569 praemisi
379 2484 629 2569 Argumentum,
648 2490 706 2563 ut,
722 2505 799 2569 quae
814 2505 950 2551 summa
958 2487 1030 2571 ejus
1044 2492 1105 2563 est,
1121 2486 1180 2571 qui
1193 2490 1319 2549 senten·
1375 2466 1391 2481 ¹

215 2589 339 2654 tiamm-
349 2589 432 2653 ordo
444 2594 477 2652 et
497 2607 615 2665 nexus,
631 2585 807 2653 confestim
820 2588 854 2651 in
869 2588 986 2653 oculos
1003 2589 1192 2664 incurreret,
1213 2605 1319 2670 neque

216 2684 483 2773 opus-haberem,
507 2689 637 2772 quoties
662 2687 836 2753 luvenalis
856 2688 901 2754 ad
923 2690 990 2754 alia
1003 2689 1319 2774 progrederetuuin

213 2792 302 2856 notis
317 2791 368 2855 id·
381 2789 538 2855 indicare.
561 2833 564 2841 ·
584 2788 623 2853 In
648 2788 892 2855 Commentario
920 2790 986 2856 hoc
1015 2793 1226 2876 potissimum
1240 2791 1317 2872 egi,v

213 2899 260 2973 ut,
275 2912 496 2978 quaecumque
514 2892 660 2957 nondum
675 2893 810 2957 alr-aliis
821 2899 999 2972 autrecte,
1014 2903 1072 2961 aut
1085 2896 1168 2959 satis
1190 2892 1318 2977 perspi·

190 3059 192 3063 .
213 3014 277 3060 cue
289 2998 446 3080 exposita
463 3000 585 3073 essent,
608 3015 676 3078 pro
684 2995 842 3061 facultate
856 3017 931 3062 mee
953 2998 1142 3062 accuratius
1163 2996 1317 3060 enuclea·

212 3117 292 3176 rem,
317 3119 379 3164 neo
399 3099 577 3184 quiequam
601 3099 842 3182 inexplicatum
861 3100 1090 3183 relinquerem,
1112 3101 1148 3163 in
1165 3117 1232 3183 quo
1245 3098 1317 3163 hac·

208 3198 282 3265 ¹rere
295 3206 433 3285 possent
454 3201 491 3279 ii,
506 3201 563 3284 qui
586 3202 630 3265 ad
654 3200 677 3265 J
680 3202 851 3266 uvenalem
864 3202 1039 3284 legendum
1054 3202 1314 3278 admitterentur,

150 3307 154 3315 “
208 3304 275 3371 lroc
290 3313 353 3381 est,
364 3302 437 3386 jam
457 3304 663 3386 aliquantum
677 3306 712 3369 in
724 3305 788 3368 hoc
803 3305 973 3368 literarum
996 3324 1112 3388 genere
1135 3304 1258 3368 versati
1281 3306 1316 3366 et

209 3405 373 3488 provecti,
409 3423 517 3488 neque
552 3411 662 3473 tamen
699 3406 842 3470 eruditis
895 3403 1007 3490 Atque
1042 3409 1077 3471 in
1113 3401 1315 3471 obscuriori·

205 3505 275 3571 om
296 3505 382 3570 locis
410 3526 485 3569 eam
519 3506 586 3570 fere
618 3509 778 3573 rationem
799 3511 942 3590 rsecutus
971 3527 1056 3586 sum,
1091 3513 1130 3572 ut
1163 3513 1197 3571 et
1226 3508 1311 3591 ipse,

206 3606 377 3692 quomodo
406 3608 514 3672 nodus
540 3609 691 3692 expediri
713 3608 832 3691 possit,
866 3607 1084 3688 ostenderem,
1104 3613 1148 3672 -et
1170 3609 1312 3674 aliorum

206 3707 308 3779 simul
334 3710 575 3793 explicationes
599 3730 701 3794 -paene
743 3730 857 3774 omnes
892 3712 1122 3783 submitteremx
1153 3711 1313 3775 lectam

203 3814 345 3899 jndicio,
381 3816 503 3898 quibus
537 3835 617 3880 suas
646 3815 755 3880 ubivis
796 3817 1003 3893 sententias„
1025 3821 1183 3899 tanquam
1211 3817 1311 3882 unice

204 3933 318 3995 ueras,
343 3916 518 3982 obtrudere
554 3917 649 3994 velle,
678 3936 807 3999 magnae
845 3918 994 4000 profecto
1022 3917 1218 4000 arrogantiae
1236 3923 1311 3986 cst.

203 4017 478 4084 inuniversum-
497 4039 588 4097 vero,
614 4026 648 4084 et
669 4021 705 4084 in
721 4018 941 4101 ›Argumentis
972 4021 1169 4097 Satirarum,
1187 4064 1189 4067 v
1207 4026 1241 4086 ct
1274 4022 1310 4086 in

203 4119 463 4201 Commentario,
485 4121 526 4186 ›id
544 4140 695 4206 -operam
717 4121 823 4199 dedi,
860 4129 898 4186 ut
933 4143 1000 4188 non
1036 4122 1157 4187 modo»
1172 4121 1309 4207 petrau

206 4225 417 4307 grammatico
431 4268 435 4273 -
450 4226 680 4310 interpretarer
691 4263 696 4271 ·
707 4229 746 4290 et
762 4245 827 4313 err
865 4225 1005 4291 historia
1026 4226 1168 4292 morum>
1179 4230 1307 4313 ternpo-
