3059 4925
501 404 776 455 rxcurrsusuo
799 404 880 454 sar.
903 408 961 456 ιιι.
1218 388 1299 457 auli

183 569 235 616 iv.
250 548 416 617 inJur‘eii.
440 548 670 638 Idu—*gallina
683 557 716 617 et
723 548 798 614 'cum
805 549 979 631 mordetur,
990 551 1128 637 adjecta·
1138 572 1178 618 ac
1188 560 1284 620 uota:

182 660 196 728 Ξ
210 657 296 740 quia'.
305 657 436 739 gallinae
449 657 588 720 maritus
602 655 683 720 nihil
697 655 896 720 foemiueum.
909 661 1015 733 sonat,
1029 656 1133 740 (uude
1149 663 1183 722 et
1192 675 1284 742 puer,

183 760 270 844 cujus
296 780 356 823 vox
374 755 566 845 gallulurcia
591 759 624 824 h.
644 778 674 824 e.
699 759 967 836 viriliter'souat
991 759 1077 823 dixit
1092 758 1203 825 ·Naev.
1228 780 1283 844 ap.
1373 780 1381 800 ·

182 862 334 926 Nonium
346 862 379 926 2.
395 882 431 939 n,
445 856 540 945 363.)
560 861 625 925 sed'
643 860 767 942 gallina
789 862 876 944 ipsa,
896 881 973 925 cum
988 862 1104 926 salitur
1116 864 1172 927 rel
1185 864 1286 927 initur

181 964 320 1046 agalia,
336 964 506 1030 cristulam
521 965 629 1049 ipsius
650 960 830 1040 mordente,
845 964 1006 1028 undeilla
1019 963 1098 1048 quid
1110 962 1213 1043 exile,
1229 973 1287 1032 aut

182 1066 369 1150 querulum,
384 1068 438 1132 vel
451 1086 588 1132 raucum
602 1065 699 1130 edere
714 1066 816 1130 sulita
828 1071 880 1130 est
892 1087 901 1133 t
915 1086 993 1132 nam
1007 1065 1284 1148 adolescentulus,

182 1170 255 1251 qui,
266 1176 301 1235 ut
313 1170 361 1233 ita
375 1169 496 1248 dicam,
513 1169 718 1253 gallulascit,¹
732 1169 856 1234 indicia
879 1171 993 1253 potius
1007 1170 1103 1253 quasi
1122 1171 1287 1236 virilitatis

181 1273 337 1341 omisisse
347 1272 477 1351 dicitur
492 1293 592 1357 quam
607 1275 708 1337 animi
720 1291 838 1357 parum
854 1273 1016 1353 masculi3
1041 1274 1120 1357 galli
1145 1274 1287 1357 denique

181 1378 310 1451 natura,
324 1380 486 1459 quantum
497 1375 654 1440 alterius
657 1375 759 1452 alitis,
775 1376 889 1441 calida
900 1380 935 1440 et
949 1376 1068 1441 alacris
1080 1381 1143 1453 est,
1158 1396 1199 1441 ac
1208 1378 1286 1462 ejus

183 1477 364 1554 cantilena,
381 1478 440 1541 ubi
464 1479 616 1542 maritum
642 1496 769 1559 gerere
778 1479 1019 1561 occepit‚1psis
1037 1476 1177 1563 quoque
1185 1480 1287 1544 leoni·

181 1562 265 1641 hus
261 1578 419 1662 pavorem
427 1577 571 1643 incutit?
613 1578 712 1642 Hanc
725 1598 841 1643 veram
843 1580 971 1663 poetae
981 1588 1121 1647 mentem
1135 1601 1207 1646 esse
1221 1601 1288 1646 non

182 1680 379 1749 dedicabat
371 1679 582 1764 Grangaeus,
608 1680 667 1764 qui
691 1687 802 1744 tamen
827 1681 860 1744 ri
875 1679 948 1746 Ille
968 1684 1139 1762 retinebat,
1154 1691 1187 1750 et
1199 1685 1287 1750 hunc

181 1780 358 1849 uerbomm
366 1783 511 1849 ordinem
521 1803 695 1868 perperam
701 1785 944 1850 consumebat:
962 1783 1117 1868 Illascil.
1124 1787 1288 1866 adulator,

183 1874 437 1973 miraturum
458 1896 634 1973 augustum,
650 1909 712 1972 qua
728 1885 933 1953 deterius-uec
957 1897 1045 1952 scoot
1066 1887 1203 1974 gallina,
1219 1908 1289 1952 cum

183 1986 341 2067 mordetur
355 2010 377 2055 a
389 1990 514 2057 murita.
560 1990 910 2077 CIABredenkan'rp'in
930 1991 1141 2076 Symtagmate
1156 1990 1287 2074 Opusc.

184 2092 345 2158 scholast.
371 2090 541 2181 (Muguziu
552 2092 621 2180 fur
640 2089 812 2179 iifflntlirle
826 2090 1291 2157 SciuleouudSclrull'ehrea

184 2193 265 2260 Vol.
283 2214 308 2262 1.
325 2196 365 2261 P.
383 2215 423 2261 rr.
439 2220 474 2283 p.
487 2199 564 2264 439.
579 2195 672 2284 440.)
686 2199 839 2280 corrigit:
863 2194 931 2260 Illa
946 2197 1019 2262 scil.
1035 2217 1115 2275 vox,
1130 2192 1287 2282 qua-mor·

184 2295 276 2371 deuo
282 2298 407 2387 gallina
423 2304 444 2365 a
458 2302 584 2389 morito,
596 2303 649 2369 rel
661 2301 724 2388 qud
734 2298 868 2366 deterior
879 2321 931 2363 uec
948 2296 1009 2363 Ille
1020 2318 1120 2379 sonus,
1136 2321 1208 2386 quo,
1224 2306 1288 2366 cet.

182 2399 324 2474 Idem
294 2429 327 2466 ro
342 2404 500 2494 mordetur
513 2406 638 2473 dictum
652 2405 779 2491 accipit
799 2423 869 2490 pro
879 2402 1075 2490 objurgatur,
1091 2406 1170 2489 quia
1183 2423 1288 2469 sunus

183 2504 279 2586 galli,
292 2507 322 2570 si
335 2508 495 2596 aalhnas
485 2528 665 2593 increpare.
660 2508 833 2584 videatur,
847 2505 1092 2590 ingratissimus
1106 2509 1149 2571 sit
1167 2514 1200 2572 et
1221 2507 1289 2571 sin·

184 2606 319 2688 gularis.
345 2609 412 2674 Sed
425 2612 571 2680 verbum:
577 2610 731 2696 mordere,
741 2611 772 2678 si
778 2610 839 2675 de
843 2610 940 2693 gallis
954 2611 1140 2689 adhibetur,
1154 2610 1288 2734 proprio

184 2708 315 2782 ,videtur
329 2731 431 2780 seusu
445 2713 738 2799 capiendum.‚.;
906 2741 909 2750 ’
954 2740 960 2748 ’

187 2810 394 2895 Equidem
419 2815 498 2880 olim
522 2817 732 2900 suspicabar
743 2816 983 2902 reponendum
1006 2838 1068 2901 qua
1083 2812 1225 2879 deterius
1236 2823 1294 2877 uec*

185 2909 447 3001 illusoremque
461 2915 620 2986 mordetur
630 2916 713 3007 gall
702 2940 756 2983 mu
771 2918 897 2998 marito,
912 2915 957 2997 (3.
966 2938 1041 2988 cas,
1053 2937 1115 3003 pro
1126 2938 1146 2979 α
1161 2916 1290 2996 moritu)

184 3017 259 3083 vel:
284 3015 344 3083 Ille
369 3032 470 3101 sonat,
492 3021 542 3085 cui
565 3020 722 3088 mordetur
743 3019 885 3109 gallina,
895 3020 1047 3084 emoritur.
1091 3020 1192 3085 Nunc
1205 3037 1290 3085 reru

184 3118 356 3185 levissima
377 3124 556 3192 mutatione
580 3123 686 3208 legere
710 3126 841 3191 malim:
867 3122 1049 3201 Ille-sonat,
1065 3120 1291 3187 cai²mordetur

183 3219 308 3306 gallina
323 3226 450 3304 marito,
465 3234 502 3292 ut
526 3226 589 3306 ille,
614 3228 664 3292 cui
685 3228 798 3292 marito
820 3229 952 3294 doctius
967 3227 1092 3294 dictum
1107 3229 1224 3312 sitpro
1237 3224 1292 3290 ille

186 3324 330 3407 meritur,
350 3326 410 3407 cui,
428 3331 462 3396 h.
476 3350 554 3399 e..a
576 3351 641 3417 quo
665 3330 822 3400 mordetur
844 3330 968 3419 gallina
979 3360 990 3405 ,·
1011 3323 1294 3417 quemadmodum

186 3448 242 3513 ap.
268 3429 388 3497 Horat.
415 3432 486 3502 Sat.
509 3435 607 3502 1.,10.
623 3435 677 3502 16.
701 3435 795 3512 ‘Illi‚
821 3436 948 3519 scripta
970 3436 1101 3517 quibus<
1115 3431 1293 3498 Comoedia

187 3534 298 3616 prisca
311 3536 391 3602 viris
405 3534 479 3613 est?
492 3541 525 3601 et
539 3555 595 3619 ap.
611 3537 672 3602 Sil.
688 3553 713 3603 1.
726 3537 804 3603 280.
819 3540 829 3571 ‘
845 3535 951 3601 Haud
966 3537 1069 3601 alium
1082 3533 1167 3599 vidit
1180 3534 1290 3610 tellus,
1410 3583 1413 3590 .

186 3639 240 3708 cui
255 3657 377 3721 ponere
390 3639 487 3706 finem
503 3638 537 3706 N
539 3659 582 3710 on
595 3645 708 3723 posset
720 3659 809 3705 murs
823 3659 890 3704 una
904 3638 999 3704 viru!
1031 3637 1100 3702 Pru
1120 3634 1171 3699 cui
1179 3635 1291 3701 facile

187 3741 345 3810 substitui
370 3749 513 3827 poterat·
525 3763 596 3828 quo,
616 3744 669 3810 rel
689 3744 818 3809 incuria
838 3742 1057 3818 librariorum,
1072 3739 1128 3805 vel
1144 3740 1256 3823 glossa
1270 3760 1291 3802 a

25 3901 27 3924 .
70 3865 72 3868 ·
188 3861 248 3926 quo
261 3845 575 3934 marginiascripta‚
595 3865 672 3929 quae
695 3844 840 3914 sorte‘in
863 3850 992 3909 textum
1015 3842 1167 3926 irrepsit,
1181 3846 1213 3906 et
1234 3841 1290 3904 de·

187 3944 275 4022 iude,
291 3965 369 4010 cum
393 3946 483 4028 leges
504 3947 599 4011 metri
617 3952 726 4016 totam.
743 3951 945 4032 respuerent,
971 3945 1108 4011 dimidia
1128 3964 1174 4009 ex
1197 3940 1295 4027 parte

188 4046 296 4132 ejecta
311 4054 371 4114 est.
417 4047 590 4133 Quicquid
612 4070 693 4115 veru
717 4070 760 4116 ex
783 4051 836 4115 his
860 4049 1035 4135 placuerit,
1059 4048 1217 4114 sententia
1239 4054 1292 4113 est

188 4151 314 4230 eadem,
330 4172 431 4237 quam
445 4152 636 4239 interpretes
649 4153 717 4217 fere
731 4172 843 4218 omnes
857 4155 892 4217 in
910 4153 943 4219 h.
957 4152 981 4218 l.
996 4153 1103 4216 inesse
1118 4145 1291 4239 putarunt:

191 4247 338 4318 Miratur
347 4275 449 4320 uocem
463 4254 785 4343 ungariumexilem,
797 4275 874 4341 quae
887 4275 953 4320 uun
965 4254 1074 4319 minus
1088 4254 1215 4342 ingrata
1225 4257 1292 4334 ast,
