3059 4925
271 338 317 406 ω
789 347 879 404 vira
928 361 932 370 ¹

274 507 386 573 dinem
400 506 478 574 vitm
498 510 533 571 et
551 504 751 589 seriptonrm
767 497 962 581 iuvenalia·
986 507 1211 570 neomeniam
1233 502 1377 572 Suetonii

276 610 456 676 attendisse
468 607 631 684 videntur,
648 607 706 691 qui
719 606 755 670 in
772 607 858 671 hunc
877 606 1033 691 lapidem.
1050 606 1265 690 impegerunt.
1309 604 1377 676 lue

274 712 425 777 disertim
434 710 545 789 tradit,
558 708 807 791 octogenarium
821 713 891 772 turn
912 707 1017 773 fuisse
1039 708 1185 794 puttam,
1199 729 1275 774 oum
1289 707 1378 776 Urbe

273 819 461 879 summotus
473 818 534 879 est.
579 811 872 895 Quadragenurius
885 819 968 891 erat,
982 819 1040 878 aut
1053 814 1155 878 etiam
1167 817 1248 876 nutu
1257 811 1377 888 minor.

274 923 361 984 certe
375 919 494 983 mediae
510 918 629 994 aetudS,
646 917 880 1001 cumprimum
901 917 995 982 illam
1018 916 1167 981 Satiram.
1182 916 1377 999 composuit,

274 1042 341 1107 qua
356 1020 512 1086 Paridem
526 1019 625 1083 laesit.
670 1018 798 1084 Demus
825 1020 924 1084 circu
936 1020 1032 1084 initia
1051 1019 1182 1103 imperii
1197 1017 1380 1084 Domitiani

273 1124 572 1209 scriptumesse‚et
584 1122 805 1206 quadraginta
813 1121 1162 1216 annonnutrrmfuisse
1171 1120 1379 1198 Juvenum,

273 1228 305 1292 ei
317 1228 353 1291 id
375 1226 464 1311 quod
485 1227 536 1290 illi
551 1224 718 1308 superfuit
740 1228 808 1292 sevi
829 1244 936 1311 nsque
958 1226 1002 1291 ad
1024 1225 1270 1309 octogenarium
1290 1243 1381 1290 com.-

273 1338 380 1417 putes,
394 1333 428 1395 in
442 1337 573 1406 sextum
595 1331 760 1397 Hadriani
784 1351 905 1396 annum
926 1332 1103 1397 devenies:
1124 1350 1192 1395 non
1205 1331 1305 1412 igitur
1317 1329 1380 1393 sub

275 1435 480 1513 Domitiano,
503 1434 562 1499 sed
587 1435 650 1499 sub
677 1434 852 1500 Hadriano
872 1436 1061 1501 inexilium
1080 1440 1173 1499 actus
1194 1438 1257 1497 est
1302 1430 1381 1496 Hos

274 1539 363 1601 enim
375 1539 570 1602 necessario
583 1538 804 1620 concluditur,
816 1538 1085 1623 quandoquidem
1108 1536 1335 1619 octogenarius
1350 1538 1384 1597 et

272 1641 394 1708 mediae
411 1641 522 1707 aeteus
546 1640 741 1708 Domitiano
762 1644 946 1726 imperante
968 1641 1068 1706 simul
1084 1658 1161 1705 esse
1181 1657 1250 1703 uon
1263 1638 1380 1722 potuit.

277 1741 376 1810 Certe
390 1744 626 1827 octogesimum
654 1746 765 1811 aetatis
788 1764 920 1810 aunum*
934 1743 1115 1810 Domitiani
1136 1739 1383 1823 eevossattigieee

275 1854 406 1913 nonest
420 1846 608 1925 verisimile,
623 1843 698 1912 cum
710 1867 824 1913 verum
844 1848 890 1913 sit
901 1845 1117 1932 penultimam
1131 1844 1274 1914 Sauram
1285 1844 1382 1909 abeo

272 1950 434 2036 scriptam
447 1951 552 2016 fuisse
571 1957 649 2037 post
661 1951 685 2016 J
687 1952 756 2016 unii
777 1951 912 2017 Rustici
928 1950 1149 2028 consulatum,
1168 1948 1204 2012 id
1228 1955 1290 2026 eet,
1307 1951 1384 2032 poet
1417 1936 1423 1945 ’

273 2056 403 2119 tertium
418 2053 587 2119 Hadriani
615 2056 744 2120 annum.
790 2053 901 2134 Quare
917 2054 946 2118 si
961 2053 1192 2135 octogenarius
1207 2051 1300 2117 Urbe
1309 2049 1384 2134 pui-

275 2176 333 2221 sus
354 2162 417 2236 est,
442 2176 503 2221 nec
518 2175 540 2220 a
554 2156 749 2222 Domitiano
763 2157 909 2241 pulsum,
925 2175 995 2244 ,nec
1019 2156 1053 2220 in
1074 2156 1214 2239 gratiam
1234 2152 1383 2232 Paridis,

276 2264 463 2323 constanter
478 2277 669 2322 asseverare
684 2277 875 2342 possumus.
920 2257 1089 2323 Praeterea
1115 2257 1298 2322 clarissime
1318 2260 1384 2320 tes·

277 2365 364 2425 tatur
392 2359 579 2436 Suetonius}
605 2358 697 2424 Urbe
717 2366 874 2427 exactum
897 2382 972 2427 eum
994 2366 1131 2446 proptor
1150 2361 1227 2425 ilios
1251 2358 1384 2445 quidem

276 2482 402 2541 versus,
414 2481 499 2548 quos
515 2463 669 2546 superius
685 2467 865 2544 attulimus,
881 2467 942 2531 sed
956 2486 1031 2531 cum
1041 2465 1115 2550 jum
1129 2484 1189 2531 eos
1203 2455 1385 2529 infulsisset

273 2566 715 2653 dovmsnriptis,expri1na
733 2588 852 2653 nempe
875 2569 1080 2654 seriumque
1099 2568 1254 2635 Paridem
1273 2568 1385 2651 nune-

274 2667 551 2745 rannemirus.
596 2666 645 2733 At
668 2670 779 2735 Satira
803 2671 862 2736 illa
881 2675 1034 2754 septima,
1053 2673 1110 2737 oni
1131 2671 1239 2739 infern
1264 2676 1387 2739 sumai

274 2770 402 2847 inserti
418 2788 561 2854 quaeque
572 2771 672 2837 hodie
686 2773 817 2855 iegitur,
828 2776 1171 2841 sieut-abeorecitatn
1184 2779 1388 2860 postremum

274 2879 330 2939 en
342 2874 601 2957 arqnevulgen,
622 2875 851 2942 Domitiano
836 2897 909 2962 Jam
933 2876 1070 2962 pridem
1087 2879 1235 2943 extincto
1249 2875 1384 2960 prodiit.

272 2973 413 3060 Nempe
424 2982 461 3045 et
472 2981 590 3060 quarta
615 2978 765 3044 similiter
788 2999 830 3045 eo
852 2987 982 3046 murtro
1006 2980 1185 3060 emamvit,
1206 2985 1247 3045 ut
1265 2998 1314 3045 eu
1332 2978 1386 3047 hie

277 3082 430 3143 mmmm
449 3079 536 3157 (Sat.
550 3097 601 3145 ιν.
616 3081 672 3146 37.
683 3080 752 3161 38.)

408 3241 564 3332 Cumjum
577 3249 788 3314 semianimum
803 3249 954 3317 laceraret
971 3251 1101 3318 Flavius
1115 3250 1219 3317 orbem

412 3344 557 3429 Ultimae,
568 3362 596 3413 et
611 3349 698 3417 caluo
712 3354 839 3419 serviret
852 3352 957 3421 Romo
973 3354 1104 3423 Neroni.

279 3499 426 3564 Remini
441 3509 561 3581 nanat,
582 3524 660 3587 quae
678 3509 777 3591 longe
797 3516 885 3586 ante,
898 3516 936 3574 ut
949 3516 1103 3595 apparet,
1118 3509 1297 3587 acciderat,
1313 3508 1386 3574 Do»

274 3602 415 3667 mitiano
430 3604 585 3669 nimirum
599 3609 793 3691 imperante.
838 3610 989 3676 Eandem
1001 3612 1145 3677 Satirurn
1160 3613 1207 3676 ita
1221 3611 1362 3676 elausit:

407 3748 471 3915 {ed
481 3751 588 3835 periit,
597 3728 761 3845 postquam
773 3758 952 3824 cerdonibus
964 3782 1024 3826 eme
1039 3759 1190 3827 timendus

431 3850 575 3940 'eperum
1256 3860 1260 3863 ⁵

229 4082 231 4087 ⁴
277 4004 369 4090 quod
384 4006 434 4071 de
442 4007 634 4075 Domitiano
648 3952 774 4078 diemm
782 4021 845 4081 est.
891 4017 946 4082 Ex
954 4018 1009 4081 hie
1023 3960 1179 4084 omnibus
1193 4018 1306 4102 colligi
1316 4036 1387 4084 non

275 4106 431 4188 absurde,
455 4110 558 4176 immo
582 4114 756 4181 verissime
779 4123 900 4202 potest,
927 4136 1051 4202 corpus
1070 4118 1262 4198 Satirarum,
1285 4119 1389 4204 quale

279 4205 379 4273 hodie
402 4215 507 4292 extat,
522 4215 590 4280 sub
608 4214 780 4283 amnuo
803 4218 964 4304 frequemi
986 4219 1151 4296 auditorio
1171 4219 1346 4286 reatuum
1362 4238 1390 4286 a
