3059 4925
613 362 838 415 ruvuusurs.
1235 342 1282 408 3⁷
1366 325 1371 334 ’

18 525 20 584 t
145 482 277 605 ..3qu
289 515 393 583 'etiam
406 503 552 582 ueterum
565 501 703 582 errores.
749 511 902 578 Paridem
917 515 1009 579 illum
1023 510 1172 579 seniorem
1186 514 1280 580 intel·

173 611 285 706 ligunt'
294 622 373 686 vitae
388 618 564 685 iuvenalis
580 625 697 685 auctor
711 617 920 703 AnonymuS,
934 622 1077 684 etvetus
1098 618 1165 696 ille,
1181 625 1279 701 quent

164 725 347 804 -itubemus,
376 722 551 788 iuvenalis
579 724 752 806 interpres,
787 707 930 787 Claudii
952 722 1104 786 nimirum
1136 719 1281 786 Neronis

176 825 340 906 libertum,
355 846 377 890 a
390 827 536 892 Patrono
551 828 641 910 ipso,
657 834 695 892 ut
709 826 779 891 Dio
793 827 852 892 lib.
871 843 905 890 r..
917 831 951 891 et
966 825 1140 891 Suetonius
1156 824 1238 890 Ner.
1252 846 1281 891 c.

166 932 231 995 od.
244 935 417 1008 testantur,
432 930 643 994 interfectum.
687 929 834 994 Proinde
855 929 899 993 ad
922 927 1115 996 Neroniana
1134 935 1284 1012 tempora

175 1033 236 1098 illa
256 1033 354 1097 refert
376 1032 578 1098 Scholiastes
599 1033 659 1113 (ad
687 1032 760 1099 Sat.
777 1050 845 1097 νιι.
859 1031 933 1117 92.)
953 1034 1126 1118 inquibus
1147 1031 1282 1096 Paridis

177 1137 378 1200 mentionem
399 1131 479 1199 ieoit
495 1134 682 1201 iuvenalis.
726 1135 783 1201 Ita
801 1131 983 1200 Domitiani
997 1141 1146 1219 tempora
1158 1136 1282 1219 pertin·

166 1236 523 1319 1ςιιιιιιιιιιιιιιίἰιιιιοιι
543 1240 701 1323 potuerit,
728 1240 785 1323 qui
809 1241 910 1325 paulo
929 1247 999 1323 port
1013 1235 1140 1302 exilium
1153 1237 1282 1315 obierit,

167 1339 268 1423 'quod
283 1346 405 1418 tamen,
427 1343 482 1406 vel
502 1361 547 1405 ex
564 1344 643 1456 ipso
659 1341 842 1407 Satirarum
856 1360 966 1429 opere,
991 1347 1121 1407 constat
1135 1360 1209 1406 esso
1222 1339 1283 1405 fal·
1379 1380 1382 1386 ·

177 1443 359 1506 sissimum
381 1441 652 1530 Atquijorriorem
666 1445 760 1510 illum
774 1445 880 1510 fuisse
897 1442 1048 1508 Paridem
1059 1464 1081 1508 u
1091 1444 1283 1509 Domitiano

176 1563 318 1625 cresum,
335 1568 431 1631 quem
451 1549 641 1633 perstrinxit
659 1547 845 1627 Juvenalis,
864 1550 918 1614 vel
932 1549 1009 1613 inde
1032 1551 1164 1614 constat
1165 1543 1282 1632 ‚quod

178 1649 321 1716 Statium
327 1652 463 1737 po'dtam
477 1643 566 1719 dieat
567 1659 669 1738 ‚post
683 1655 855 1720 recitatam
866 1673 943 1718 eum
957 1654 1056 1718 laude
1066 1652 1281 1739 Thebaidem,

176 1753 320 1837 Agaven
342 1775 438 1820 suam
460 1754 660 1839 tragoediam
675 1755 796 1821 Paridi
810 1756 860 1821 illi
876 1756 1074 1821 vendidisse.
1119 1755 1188 1819 Hic
1204 1767 1284 1819 sane

176 1855 306 1920 Statius
321 1857 365 1921 ab
380 1876 433 1934 eo,
457 1876 556 1941 quem
578 1858 750 1937 habemus,
775 1858 861 1922 alius
875 1878 950 1923 esse
964 1878 1031 1922 non
1044 1859 1151 1941 potuit
1153 1904 1160 1918 .
1137 1857 1286 1923 tEdi·

176 1957 273 2023 derat
287 1958 343 2022 ille
353 1956 557 2023 Thebaidem
571 1978 667 2023 suam
682 1959 784 2043 paulo
799 1966 1005 2045 anteaquam
1019 1962 1162 2045 primum
1176 1961 1287 2023 ederet

177 2051 358 2144 Syl'uurum
378 2061 519 2126 librum:
545 2062 720 2146 probatam
739 2062 895 2126 nimirum
912 2067 1011 2126 autea
1025 2060 1284 2126 recitationibus.

172 2161 236 2226 Ita
249 2165 328 2244 post
340 2162 471 2227 initium
485 2163 683 2241 Domitiani,
697 2168 731 2228 et
745 2169 856 2228 tamen
870 2169 945 2229 ante
961 2162 1095 2227 Paridis
1111 2163 1238 2228 caedem
1252 2167 1288 2227 et

178 2262 357 2346 repudium
399 2264 570 2343 Domitia,
594 2261 756 2347 -Aguren
783 2266 967 2333 vendiderit
994 2270 1124 2350 oportet
1151 2259 1287 2330 Statius.

178 2364 278 2430 Adeo
302 2363 463 2448 praterea
488 2363 612 2432 certum
635 2372 700 2445 est,
723 2375 793 2451 post
818 2366 927 2432 cadem
952 2365 1134 2433 Domitiani
1158 2368 1287 2433 Satires

178 2471 355 2553 scripsisse
383 2468 593 2548 Juvenalem,
622 2475 659 2534 ut
687 2470 808 2534 mirum
835 2473 880 2535 sit
909 2470 1068 2556 profecto,
1093 2472 1236 2536 monitos
1265 2480 1288 2535 a

171 2572 310 2657 «lipsio,
335 2572 409 2656 (lib.
442 2590 493 2636 rr.
518 2571 628 2656 Epist.
643 2570 776 2650 Quaest.
791 2594 845 2658 ep.
860 2576 928 2653 20.)
949 2581 984 2640 et
1008 2573 1172 2639 Salmasio
1191 2573 1234 2637 de
1248 2580 1288 2638 eo

178 2677 325 2760 amplius
350 2676 499 2740 dubitare
523 2695 624 2760 posse
655 2676 744 2741 uiros
771 2677 932 2743 eruditos.
988 2675 1068 2740 Non
1094 2684 1206 2760 repeto
1231 2676 1286 2742 hie

179 2783 382 2861 argumenta,
394 2779 468 2864 jam
482 2779 603 2844 abillis
618 2779 696 2844 olim
710 2781 895 2845 observata.
932 2779 1067 2844 Novum
1082 2779 1182 2858 addo,
1197 2780 1289 2864 quod

179 2881 410 2964 illos-fugerat,
423 2881 484 2946 sed
498 2900 578 2967 vero
590 2882 687 2965 lunge
701 2885 930 2948 certissimum.
966 2878 1109 2944 Marium
1123 2881 1179 2945 ilie
1196 2878 1289 2944 Pria·

180 3004 250 3048 eum
261 2985 346 3051 dicit
357 2983 440 3064 (Sat.
458 2986 549 3050 ι..47.
560 3005 633 3070 sqq.
648 2983 878 3070 etvr11.120.)
889 2981 1288 3070 noperAfrordr'scinrisre,

173 3089 320 3173 proinde
334 3083 451 3151 erotem
465 3088 590 3153 iactum
604 3089 795 3154 damnatum
809 3088 1061 3173 repetundarum
1074 3109 1084 3169 3
1115 3088 1164 3152 sie
1179 3092 1290 3152 tamen

176 3197 219 3254 ut
235 3186 310 3253 Diis
323 3191 397 3274 ipse
409 3189 501 3253 iratis
512 3187 692 3275 furaretur,
710 3190 873 3276 provincio
890 3197 1000 3255 autem
1014 3186 1127 3253 victrix
1137 3182 1293 3272 ploraret.

183 3292 285 3357 Hauc
300 3293 411 3376 ipsam
423 3291 579 3358 Afrorum
594 3313 731 3359 causam
756 3313 868 3360 eoram
881 3292 1030 3378 Trojano
1055 3292 1187 3356 tertium
1201 3289 1290 3354 Con·

180 3396 254 3461 sule
268 3394 399 3459 Plinius
414 3396 482 3478 egit
494 3412 605 3460 mense
618 3393 641 3459 J
644 3396 780 3461 anuario
794 3396 912 3459 annio.
924 3393 1102 3506 etquidem
1112 3412 1151 3456 eo
1161 3396 1289 3470 eventu,

174 3495 409 3581 ,utraptafirco
420 3497 648 3562 addicerentur
649 3501 942 3582 ,quaecausuerat
951 3494 1119 3579 provincia
1129 3492 1290 3578 plorandi,

182 3601 344 3686 reliquis
335 3614 409 3684 rpse
432 3599 466 3662 in
485 3594 578 3662 exilio
592 3595 772 3683 frueretur.
794 3597 848 3682 (v.
873 3596 959 3661 Piin.
984 3594 1049 3681 Ep.
1066 3613 1106 3659 ιι.
1126 3597 1175 3659 ll
1190 3596 1244 3660 12.
1259 3606 1292 3665 et

183 3700 311 3785 Paneg
327 3723 357 3767 o
371 3699 444 3786 76)
466 3702 551 3769 Sunt
572 3709 604 3768 et
622 3700 681 3767 illa
702 3702 875 3768 iuvenalis
897 3701 938 3766 de
965 3700 1156 3764 Domitiano
1170 3700 1291 3763 verba:

181 3804 271 3890 (sat,
289 3822 339 3870 ιν.
354 3804 409 3870 37.
424 3802 495 3890 38.)

160 3950 181 4015 .'
229 3958 314 4025 Cum
324 3957 399 4043 jam
413 3954 639 4022 sennanimem
652 3958 814 4021 laceraret
826 3955 964 4020 Flavius
978 3954 1090 4043 urbem

180 4130 185 4137 ,
204 4048 433 4140 “Ό1ιιιιιιιε,ἰιι
447 4061 543 4126 calvo
558 4060 696 4125 serviret
709 4057 820 4123 Roma
834 4052 974 4121 Neroni.

182 4211 274 4280 rrae
305 4212 407 4279 versa
435 4212 479 4277 ιι
508 4209 635 4275 cirrum
664 4210 776 4296 poeta
806 4210 919 4276 retunt
947 4212 1041 4273 vesu
1076 4172 1292 4271 srmrra‘sar.
