3059 4925
643 396 695 445 ao
718 396 800 446 sar.
823 396 859 448 v.
1236 383 1304 451 825

194 546 333 615 mordere
344 547 445 615 cordo
460 568 490 615 s.
503 550 687 616 immundas
696 550 856 635 reliquias
856 545 965 635 farris
979 540 1097 628 canton?
1110 549 1209 634 panis
1220 548 1304 617 adeo

195 648 281 732 duri,
296 673 394 738 quem
409 674 451 718 ne
467 673 568 719 canes
580 653 713 739 quidem
734 673 882 718 comesse
895 658 1040 736 possent.
1085 654 1183 720 Idam
1196 673 1307 719 emen-

197 754 375 835 dationem,
387 758 442 821 cui
461 760 495 820 'et
507 756 583 820 libri
597 753 719 834 favent,
740 775 807 820 non
826 755 993 839 improbat
1016 757 1170 834 Proteus,
1185 762 1218 821 et
1231 756 1306 822 reli·

196 857 272 940 quis
285 858 421 943 praefert
435 858 606 937 Platlmer,
621 863 660 923 ut
673 858 777 941 po'eta
790 858 954 941 eleganter
967 859 1093 925 tribnat
1106 859 1199 938 tami,
1215 858 1307 945 qnod

195 966 307 1025 orator
319 960 474 1026 famelico
492 960 867 1026 tribuisset-Lubinus
891 966 924 1025 et
949 960 1106 1027 Graevius
1120 962 1235 1044 reponi
1251 962 1307 1046 ju·

194 1062 272 1127 bent
286 1061 362 1149 quio
373 1065 485 1147 porcis,
501 1063 561 1128 sed
573 1063 706 1137 diverso
719 1063 821 1128 modo
835 1065 910 1130 haec
926 1065 1030 1151 rerba
1043 1071 1076 1129 et
1089 1066 1305 1148 interpretan-

195 1169 248 1229 tnr
261 1170 295 1229 et
314 1167 559 1253 interpungunt.
606 1167 669 1232 Ille
682 1168 752 1234 sic:
775 1165 852 1252 quin
868 1172 903 1232 tu
916 1168 1013 1252 louge
1033 1166 1184 1231 honestius
1193 1164 1306 1251 poscis,

196 1269 346 1351 postulas
355 1277 388 1336 et
401 1278 572 1356 praeoptas
587 1271 809 1336 mendicando
819 1271 933 1355 potius
946 1277 1085 1336 tremere
1098 1277 1130 1335 et
1139 1269 1308 1334 sordidum

196 1371 368 1436 comedere
382 1393 517 1456 panem,
534 1395 636 1460 quam
649 1375 791 1458 turpiter
806 1374 972 1439 adulando
985 1374 1074 1439 idem
1087 1373 1196 1440 facere
1209 1373 1244 1437 in
1256 1371 1307 1436 di·

196 1473 303 1538 vitum
327 1477 463 1541 mensis·
508 1477 580 1543 Hic
597 1498 676 1543 vero
692 1478 753 1542 ita:
780 1473 858 1539 Tam
869 1476 986 1562 jejuno
1001 1475 1134 1561 fomes?
1159 1477 1306 1542 tamesae

197 1579 291 1641 tantu
304 1584 365 1656 est,
381 1586 419 1644 ut
432 1580 508 1645 illas
523 1581 662 1666 patiaris
677 1581 914 1646 contumeliast
936 1579 1013 1666 quia
1023 1577 1147 1665 poscis?
1169 1598 1228 1644 cur
1241 1596 1310 1642 non

193 1679 393 1746 mendicas‘t
416 1680 569 1747 honestius
583 1690 653 1763 est,
678 1681 759 1763 illic,
774 1686 809 1750 in
824 1683 992 1767 crepidine
1007 1688 1063 1747 ant
1076 1687 1189 1768 ponte,
1203 1690 1233 1746 et
1248 1691 1310 1744 tre·

196 1801 289 1862 mere,
302 1782 406 1867 frigus
422 1788 505 1870 pati,
521 1797 549 1851 et
574 1786 676 1852 sordes
689 1786 800 1874 farris
823 1785 961 1850 mordere
984 1784 1102 1865 canini,
1125 1793 1159 1851 et
1173 1783 1310 1850 sordido

196 1903 284 1967 pane
298 1888 403 1967 vesci,
418 1909 519 1972 quam
533 1890 568 1955 in
581 1909 697 1956 mensa
711 1891 854 1957 divitum
866 1896 934 1955 tam
946 1888 1081 1972 indigna
1092 1888 1177 1972 pati.
1206 1887 1309 1951 Hunc

196 1986 373 2053 lectionem
399 1990 710 2076 distinctionemque
732 1996 923 2077 recepemnt
948 1991 1148 2069 Henninim,
1170 1994 1203 2054 et
1231 1992 1310 2073 post

198 2109 275 2155 eum
290 2092 359 2158 elii.
404 2093 472 2158 Sed
487 2094 519 2157 ri
532 2114 656 2179 poscere
670 2095 781 2180 simpl.
794 2093 875 2179 poni
889 2113 951 2176 pro
973 2090 1147 2156 mendicare
1165 2091 1225 2157 vix
1240 2109 1310 2155 cre-

197 2191 594 2280 diderim.—Grangaeus‚
608 2197 824 2263 Britannicus
838 2199 871 2262 et
885 2194 944 2263 alii
962 2193 994 2260 h.
1009 2195 1032 2260 l.
1048 2199 1167 2272 tacent,
1182 2198 1217 2258 et
1227 2191 1310 2258 diffi-

199 2297 355 2365 cultatem
369 2300 442 2385 ejus
457 2301 513 2366 vel
522 2320 600 2366 non
615 2300 762 2366 sensisse
776 2300 938 2378 videntur,
952 2298 1008 2364 vel
1022 2297 1189 2382 sapienter
1211 2296 1310 2361 dissi·

196 2399 347 2466 milasse.

243 2502 408 2589 Equidem
422 2526 489 2572 non
500 2512 632 2573 tantum
645 2507 727 2573 mihi
739 2507 925 2586 sumserim,
940 2510 979 2573 nt
999 2524 1070 2570 rem
1080 2523 1146 2569 acn
1159 2503 1309 2586 tetigisse

199 2606 281 2671 mihi
296 2608 527 2690 persuadeam.
572 2608 660 2673 Cum
673 2628 753 2676 vero
776 2609 811 2673 in
832 2610 1047 2687 lectionibus,
1067 2627 1142 2690 qnae
1157 2607 1192 2674 in
1205 2605 1312 2670 omni-

199 2708 266 2773 bns
276 2708 344 2775 tere
358 2711 452 2796 libris
466 2712 737 2777 circumferuntur
751 2716 834 2792 (cam
844 2710 942 2797 poscis
956 2718 990 2778 ct
1001 2732 1070 2774 com
1081 2707 1191 2793 possit)
1212 2726 1310 2774 nemo

200 2809 300 2876 facile
324 2814 558 2897 acquiescere,
573 2819 607 2878 et
628 2814 801 2882 levissima
826 2834 942 2881 earum
962 2812 1142 2879 mutatione
1154 2810 1310 2876 carminis

189 2914 302 2980 nitori
318 2922 429 3000 atque·
442 2916 596 3001 dignitati
611 2918 737 2982 consuli
753 2923 868 3001 queat:
891 2916 1024 2982 veniam
1045 2934 1142 3000 spero
1158 2912 1240 2977 mihi
1252 2910 1311 2976 da-

200 3026 271 3084 tum
284 3020 336 3097 iri,
351 3019 442 3105 qaod
453 3021 489 3085 in
501 3020 633 3085 illarum
645 3020 758 3085 locum
778 3019 878 3086 aliam
890 3023 973 3098 (cum
983 3016 1042 3105 pol
1055 3013 1113 3102 rit)
1134 3016 1311 3081 substitue·

200 3122 274 3201 rim,
290 3141 403 3207 quam,
419 3124 518 3189 simul
530 3143 571 3189 ac
585 3124 725 3189 meliora
738 3124 878 3189 edoctus
891 3122 998 3202 fuero,
1008 3122 1126 3187 lubens
1137 3118 1311 3184 damnabo.

200 3222 254 3300 Ea
267 3232 354 3291 certe
364 3227 514 3292 admissa
523 3245 592 3316 non
605 3225 718 3303 video,
736 3227 818 3311 qnid
830 3226 866 3290 in
879 3225 912 3292 h.
924 3225 948 3290 l.
965 3223 1140 3309 displicere
1151 3222 1268 3307 possit,
1281 3221 1312 3285 si

200 3326 249 3392 ita
262 3347 338 3392 eum
352 3331 567 3413 exposueris:
593 3325 728 3394 tameo
742 3328 843 3412 pretii
857 3326 996 3405 esttibi,
1012 3327 1068 3392 vel
1082 3344 1103 3390 a
1116 3329 1150 3389 te
1164 3323 1312 3415 aestima-

200 3436 255 3495 tur
268 3430 389 3516 injuria
405 3439 506 3512 ceno,
520 3433 553 3498 h.
568 3452 598 3498 e.
613 3451 711 3498 coena
728 3431 901 3517 injuriosa,
915 3429 1119 3507 convivium,
1131 3426 1166 3491 in
1180 3445 1249 3511 quo
1263 3428 1313 3490 tot

200 3533 349 3619 talesque
374 3537 505 3622 injuriae
520 3535 593 3606 tibi
617 3533 762 3600 serendae
787 3536 884 3599 suntt
907 3532 990 3597 tenti
1015 3549 1147 3597 coenam
1170 3528 1313 3594 divitum

199 3635 428 3723 nobiliumque
440 3638 540 3719 tacis,
554 3645 592 3705 nt
607 3643 743 3725 propter
756 3656 831 3702 eam
843 3636 920 3700 illas
934 3634 1052 3699 toleres
1066 3631 1223 3717 injuriosi
1247 3639 1313 3693 tam

191 3737 309 3824 jejuna
320 3737 440 3827 famer,
464 3741 517 3828 (nt
539 3762 594 3828 ap.
617 3740 717 3806 ovid.
733 3739 819 3805 Met.
834 3736 1022 3814 v111.790.)
1045 3739 1178 3800 tantane
1198 3736 1313 3797 ettam

199 3840 274 3912 dita
284 3849 336 3908 est
349 3843 458 3910 sames
476 3851 545 3923 tua,
561 3850 598 3910 nt
612 3850 721 3912 tantas
736 3846 780 3908 ob
794 3859 870 3908 eam
883 3846 918 3906 et
931 3844 981 3905 tot
993 3837 1129 3923 injurias
1151 3835 1315 3920 patienter

201 3944 311 4011 ferast
334 3969 402 4012 cum
411 3946 480 4033 pol,
493 3948 657 4031 profecto,
673 3951 725 4027 (ut
735 3946 869 4030 edepol,
891 3949 1033 4020 ecastor,
1052 3940 1175 4018 hercle,
1186 3955 1314 4003 mecas-

201 4050 266 4125 tor,
288 4049 466 4130 mehercle)
475 4050 516 4113 rit
531 4048 695 4129 donentur,
710 4048 791 4128 illic,
815 4049 854 4112 in
874 4045 1044 4133 crepidine
1068 4044 1123 4109 vel
1143 4040 1257 4126 ponte,
1281 4047 1312 4113 et

198 4156 343 4229 tremere,
359 4150 480 4235 frigore
501 4152 643 4231 horrere,
664 4151 763 4237 (quio
786 4169 916 4237 pauper
929 4148 1016 4215 male
1035 4146 1176 4213 vestitus
1190 4148 1254 4224 θεῖ,
1275 4145 1314 4219 Εἴ
1349 4203 1352 4207 Α

200 4257 347 4344 taceam,
367 4255 457 4341 quod
480 4254 744 4341 (armanore,
771 4254 967 4342 plerumque
985 4250 1064 4346 ficte
1087 4245 1315 4331 tremere,·‚qui

369 4397 385 4432 tr
