3059 4925
694 351 904 418 ucuusus-
985 371 989 378 ·

577 653 1005 736 EXCURSUS

652 859 706 911 An
721 858 796 911 SAT.
812 857 863 911 Ἧι
879 863 939 911 iss.

283 1042 826 1113 BardriusinAdvers.xx1v.5.
848 1040 934 1106 huno
953 1059 1085 1106 versum
1104 1040 1243 1124 putabat
1261 1061 1345 1128 spu·

238 1147 324 1214 rium
342 1167 417 1214 esse
441 1152 475 1213 et
494 1147 640 1212 alienum
663 1146 706 1210 ab
729 1145 796 1209 h·l.
814 1144 873 1209 ubi
898 1145 1026 1227 optima
1050 1143 1101 1207 sic
1124 1143 1345 1227 interpoletur

238 1254 410 1318 sententia.
469 1246 652 1326 ‘Scilicet,'
687 1249 806 1332 inquit,
846 1246 1009 1331 ‘qnidam
1038 1244 1258 1312 semi-Gallus
1285 1247 1346 1316 aut

239 1353 357 1434 Italus,
372 1357 429 1418 aut
441 1353 528 1418 odeo
542 1351 728 1417 Gemanns
742 1350 849 1416 doluit
860 1351 920 1416 illo
938 1369 1017 1415 mro
1030 1350 1138 1416 scisse
1152 1347 1273 1440 Groece
1286 1351 1345 1417 de-
1389 1341 1396 1347 ’

236 1454 356 1522 Ιίοιιίιιε
368 1457 445 1521 illas
458 1456 561 1539 loqui,
581 1473 644 1519 suo
663 1473 744 1519 vero
764 1454 891 1538 turpius
911 1473 988 1518 esse
1005 1452 1141 1518 nescire.
1153 1452 1274 1517 latine
1290 1453 1345 1518 loa

238 1558 309 1640 qni,
331 1577 409 1641 quse
433 1558 594 1622 barbarae·
609 1555 734 1639 alioqui
757 1575 824 1620 non
843 1555 945 1621 nimis
965 1552 1095 1619 essent?
1140 1554 1261 1639 Neque
1280 1574 1343 1639 ego

236 1658 411 1737 dissindlo,
425 1659 507 1724 mihi
522 1679 650 1743 semper
664 1659 880 1743 displicuisse
893 1657 981 1725 hune
996 1678 1138 1737 versum,
1153 1659 1212 1742 qui
1234 1659 1344 1741 magis

235 1779 374 1826 acumen
387 1761 636 1844 ornfionomqne
649 1759 799 1839 rhetoris,
818 1761 874 1826 vel
887 1761 988 1825 etiam
1007 1760 1261 1844 interpolatoris,
1282 1761 1343 1843 qui

234 1863 303 1930 loci
328 1862 474 1930 Cicerss
463 1884 499 1928 ιιι
526 1861 656 1929 Comm.
681 1864 813 1929 laudati
833 1883 958 1930 memor
983 1869 1066 1950 erat,
1088 1884 1199 1954 quam
1212 1863 1343 1933 satirici

234 1965 345 2050 poe'tae
359 1967 497 2045 redolet,
517 1974 618 2079 utque
639 1985 661 2030 a
675 1966 773 2031 codd.
791 1966 849 2031 13.
869 1972 903 2032 et
921 1966 976 2031 22.
997 1941 1104 2032 abest
1130 1965 1343 2049 ¹Importune

232 2068 336 2136 etiam
358 2074 409 2133 est
432 2088 500 2135 vox
527 2067 637 2151 magis,
661 2073 695 2131 et
720 2087 839 2133 manca
863 2068 895 2132 b.
909 2069 933 2133 l.
958 2069 1233 2152 sententiaque
1258 2088 1342 2153 quo-

232 2170 333 2236 modo
348 2170 522 2236 commode
536 2169 663 2254 expleri
683 2170 803 2254 possit,
817 2171 878 2236 vix
898 2190 1068 2254 assequor.
1113 2170 1206 2237 Num
1219 2191 1340 2240 sensus

232 2279 295 2352 est,
314 2275 444 2358 turpius
465 2291 541 2337 esse
562 2272 729 2338 Romanis
753 2271 884 2350 Istinc,
904 2292 1007 2356 qnam
1026 2271 1161 2351 Graece,
1182 2274 1340 2342 nesciret

232 2393 275 2440 en
299 2376 430 2459 turpius
457 2374 597 2439 esselis
626 2374 755 2439 nescire
785 2374 916 2452 Latine,
942 2393 1043 2459 quam
1071 2373 1192 2442 Graece
1217 2376 1338 2459 loquil

233 2476 419 2562 Utrumque
441 2498 510 2543 non
531 2477 631 2543 modo
654 2478 799 2561 languet,
824 2478 884 2542 sed
906 2480 1009 2547 etism
1031 2478 1118 2547 male
1142 2498 1339 2564 expressum

274 2684 365 2752 Olim
390 2689 587 2768 arbitrabar,
613 2688 772 2754 fraudem,
788 2688 914 2754 librarii
938 2691 973 2754 in
997 2691 1062 2758 hoe
1086 2710 1186 2756 versu
1212 2690 1337 2771 latere;

230 2785 384 2874 idemque
414 2791 575 2875 suspicati
602 2796 679 2857 sunt
703 2791 809 2858 Henr.
836 2791 1023 2877 Stephanus
1055 2792 1109 2880 (in
1135 2793 1271 2874 dialogo
1296 2790 1339 2855 'do

229 2890 314 2955 bene
334 2889 543 2957 instituendis
566 2892 680 2958 Graec.
707 2893 786 2975 ling.
811 2894 934 2959 studiis
956 2916 991 2979 p.
1015 2893 1088 2979 92.)
1115 2899 1149 2959 et
1172 2893 1336 2958 Lnbinus.

228 2989 291 3057 llle
304 2993 513 3072 emendabat,
541 2991 612 3062 Quo
626 2992 669 3057 sit
683 3003 773 3077 turpe
787 2996 908 3081 magis:
927 2996 982 3061 hie
1004 2999 1137 3075 melius,
1165 2994 1274 3063 Quum
1295 2993 1337 3058 sit

229 3106 317 3179 turpe
340 3096 452 3174 minus,
481 3096 572 3181 quod
597 3097 724 3181 recepit
753 3096 926 3165 Marshall.
951 3104 988 3164 nt
1012 3119 1111 3165 mens
1131 3098 1242 3182 pottae
1255 3099 1334 3164 ¹sit:

229 3197 496 3282 quandoquidem
520 3199 629 3264 minus
654 3204 751 3282 turpe
776 3205 809 3265 'et
833 3201 1039 3266 inhonestum
1061 3220 1134 3266 esse
1167 3204 1337 3284 reputatur

226 3297 372 3382 lingnam
401 3303 610 3366 cenaculum
638 3303 799 3384 ignorare,
817 3358 820 3365 ,
835 3316 935 3387 quam
963 3320 1146 3373 sermonem
1177 3302 1336 3369 Graecnm

227 3417 295 3471 non
317 3400 519 3483 intelligere„
554 3403 629 3486 Ego
655 3405 735 3469 olim
757 3406 946 3473 tentabamz
980 3402 1099 3471 Omnia
1126 3396 1236 3468 Groece
1260 3405 1334 3471 scil.

198 3502 203 3515 “
227 3499 398 3584 proferunt
417 3522 446 3570 s.
466 3505 653 3587 loquuntur,
677 3503 784 3581 Quum
797 3505 837 3569 sit
854 3517 945 3590 turpe
965 3507 1064 3592 magis
1076 3507 1192 3572 nostris
1206 3527 1243 3569 ea
1257 3505 1336 3571 scire

227 3595 359 3683 diutine,
374 3605 428 3669 vel
441 3602 518 3672 Qec
529 3606 569 3669 sit
581 3616 670 3692 turpe
680 3600 781 3693 iringis
793 3606 958 3694 (turpius)
972 3608 1085 3673 nostris
1099 3604 1336 3693 (nostratibus)

226 3722 310 3768 norro
336 3706 413 3770 scire
438 3704 547 3792 (quod
573 3709 808 3794 compendiose
834 3711 991 3775 scribitur
1018 3730 1057 3773 nc
1082 3704 1333 3793 scirelLatine,

226 3825 330 3889 quam
344 3807 466 3874 Graece
481 3809 605 3894 eloqui,
620 3813 777 3895 quoniam
791 3817 861 3876 tam
883 3813 977 3877 soeda
997 3818 1072 3877 sunt
1091 3819 1124 3883 et
1147 3812 1333 3876 inhonestas
1435 3868 1437 3873 ,

227 3906 296 3973 Sed
309 3910 390 3975 nihil
403 3912 521 3977 horum
534 3931 622 3976 nnnc
643 3914 723 3981 mihi
738 3912 871 3992 arridet,
889 3918 923 3977 et
940 3916 1001 3979 vix
1015 3914 1144 3991 dubito,
1166 3913 1247 3997 quin
1260 3931 1333 3978 ver·

226 4026 284 4079 sus
297 4010 351 4079 hic
372 4032 502 4096 pannus
516 4016 573 4093 sit,
596 4016 831 4088 ascholastico
855 4017 1002 4102 quodam
1021 4022 1167 4096 assuto,
1189 4034 1257 4100 qno
1282 4033 1334 4085 ter

228 4111 737 4208 scissoexpeditasnutomniu·
1321 4154 1325 4161 ·
