3059 4925
498 315 636 383 rnatu,
659 316 706 370 uu
727 317 952 370 anvarnus.
1211 301 1277 374 lot

170 468 256 536 riam
279 464 362 536 torte
385 464 598 534 werbitatem
621 464 699 549 ipse
721 462 973 547 reformidabet3
994 468 1029 530 et
1050 460 1147 530 vario
1167 481 1276 532 rernm

172 590 236 644 nou
250 569 430 655 intimuque
447 573 573 635 naturae
593 568 749 634 humanm
772 566 957 651 cognitione
980 566 1127 632 imbutus
1150 565 1277 634 didice-

171 678 232 752 rat,
254 677 327 742 tum
340 672 504 738 erroribus
510 675 551 746 „et
562 669 665 736 animi
677 670 732 737 vel
745 669 878 734 levitate
891 667 946 732 vel
967 667 1155 734 infirmitate
1167 669 1277 753 plura,

172 793 274 862 quarn
287 776 360 861 ejus
373 774 549 860 pravitate,
571 773 661 858 gigni
676 772 770 851 vitia,
795 777 867 837 tum
884 770 1000 837 facilia
1018 771 1164 838 remedia
1182 790 1277 857 stepo

169 876 358 946 salubriora
375 896 449 942 ense
463 881 497 942 et
509 874 698 942 efficaciora
711 873 973 952 vehementibus,
986 878 1056 938 tum
1071 873 1175 938 satius
1189 894 1279 956 esse,

170 978 311 1064 tempori
336 979 470 1056 servire,
492 983 525 1044 et
544 995 652 1044 moneo
665 976 833 1041 homiuum
845 974 1029 1042 humaniter
1050 976 1278 1062 patienterque

171 1080 268 1163 ioue,
281 1100 382 1166 qnam
392 1081 492 1148 nimia
503 1098 616 1147 nomm
625 1098 738 1145 eorum
752 1077 1052 1146 animadvertentem
1060 1077 1278 1164 judicemque

171 1200 324 1250 severum
337 1201 422 1261 esse,
448 1187 483 1247 et
504 1182 555 1248 sio
579 1182 693 1266 potius
713 1199 752 1245 ee
766 1180 888 1258 stultis,
912 1199 1012 1264 quam
1025 1181 1088 1245 hon
1102 1180 1177 1246 aliie
1192 1179 1278 1246 deri·

171 1285 299 1356 tentos
320 1286 506 1372 propinare.
538 1283 611 1372 (ct.
625 1285 669 1371 ej.
684 1284 756 1350 Set.
773 1299 798 1349 1.
813 1283 867 1349 lo.
882 1280 1005 1368 745.)
1034 1281 1123 1362 Quo
1137 1302 1214 1348 eum
1228 1283 1278 1350 iu

172 1393 298 1467 meent,
324 1387 488 1456 Horatius
506 1405 574 1454 non
591 1392 660 1453 tam
672 1385 759 1452 vitia
781 1389 885 1464 notat,
912 1404 989 1469 quae
1014 1386 1148 1470 publice
1169 1385 1277 1452 adino

170 1489 417 1568 coemebantur,
442 1506 544 1575 quam
558 1487 732 1558 stultitiam
744 1491 780 1554 et
796 1506 920 1556 errores
933 1489 1108 1567 humanos,
1121 1488 1189 1573 fqui
1202 1507 1278 1572 poe·

170 1593 224 1664 niu
238 1612 309 1662 uon
321 1596 483 1658 tenentur.
524 1589 647 1676 Neque
667 1587 703 1656 id
722 1588 933 1676 potissimum
944 1590 1023 1673 agit,
1038 1595 1076 1656 ut
1088 1589 1278 1656 homiuibus

170 1697 271 1783 nujus
286 1694 353 1762 tevi
366 1694 421 1760 vel
443 1694 596 1760 ruborem
610 1691 735 1771 eliciat,
759 1692 908 1758 velvitur
927 1690 1177 1779 officiorumque
1190 1711 1279 1777 praee

30 1863 32 1872 ,
136 1819 139 1826 ’
172 1803 274 1883 cepta
287 1797 451 1864 subtiliter
472 1795 658 1880 graviterve
679 1793 832 1873 inculcet,
853 1812 953 1878 qnam
967 1798 1006 1858 ut
1027 1812 1087 1859 eos
1100 1793 1197 1872 scita,
1220 1813 1279 1860 ve-

172 1906 272 1968 nusta
286 1919 328 1966 ao
347 1898 498 1986 jucunda
515 1898 642 1963 ratione
666 1897 853 1976 convincat,
879 1896 973 1980 ipsos
996 1916 1064 1962 nou
1085 1897 1171 1963 talea
1193 1916 1283 1977 esee,

172 2002 290 2088 quales
318 2001 425 2068 videri
454 1998 602 2085 cupiant,
631 2017 740 2083 noque
767 1997 823 2076 iis,
853 1997 912 2084 qui
938 1998 1080 2083 sapiant,
1108 1998 1278 2082 imponere

171 2125 275 2190 poete
288 2105 342 2171 vel
355 2104 504 2171 fraudem
516 2102 651 2169 moeres
696 2101 790 2168 Hinc
805 2102 908 2168 etiam
920 2100 1040 2170 stultos
1053 2099 1122 2166 sere
1134 2105 1168 2166 et
1186 2101 1279 2187 inep-

171 2214 225 2274 tnn
242 2207 404 2285 homines,
426 2205 519 2272 velut
542 2204 635 2270 aliud
656 2223 769 2288 agene,
794 2202 889 2284 ridet,
911 2203 1017 2269 malos
1032 2222 1112 2271 vero
1134 2202 1279 2288 pugione

173 2309 281 2393 magis
302 2309 419 2395 pungit
439 2312 500 2374 ant
524 2308 665 2393 stringit,
692 2328 795 2393 quam
819 2308 884 2373 alte
907 2306 1071 2374 vuluerat.
1115 2304 1217 2387 Quin,
1242 2309 1280 2372 ut

678 2472 787 2525 NOTAE

206 2572 221 2619 l
238 2566 560 2619 ‘Vitinimmuniunntere
571 2582 706 2619 nuumnon
745 2569 829 2621 nitete
847 2570 974 2638 loquenti,
987 2584 1093 2636 operatu
1105 2568 1167 2619 dere
1184 2567 1234 2620 tibi
1244 2566 1280 2618 ri·

174 2651 240 2709 Ν»
261 2643 310 2695 ¹0¹¹
325 2644 511 2710 ‚uinquam
530 2645 610 2707 illm,
629 2658 706 2710 quen
746 2648 856 2701 neree..
889 2648 931 2698 nx
944 2647 1111 2699 nocturno
1126 2653 1155 2698 et
1171 2646 1281 2710 neone,
1332 2684 1333 2687 ,

174 2735 226 2773 una
236 2721 375 2772 ductorum
384 2719 511 2784 formulir,
522 2720 568 2771 ted
575 2721 659 2773 multe
666 2735 707 2772 re·
746 2740 798 2791 que
808 2725 836 2776 id
847 2732 1000 2791 perrectum
1011 2725 1056 2787 tit,
1071 2725 1164 2775 uenat
1178 2723 1281 2788 jndice·
1315 2771 1322 2779 ,

174 2811 229 2848 rum
250 2797 412 2863 experientia
433 2798 483 2848 eibi
501 2805 707 2864 comparaverat,
745 2801 825 2863 verit,
843 2801 956 2867 peltnetu
972 2799 1171 2861 eaneomnibut,
1189 2798 1233 2863 qui
1252 2799 1281 2848 ie
1362 2846 1364 2849 ,

174 2878 203 2923 et
212 2881 271 2940 ane
281 2873 308 2922 iu
319 2874 507 2925 omnibuevitae
517 2875 634 2940 partibnt
647 2876 705 2940 plut
744 2878 795 2929 hoe
807 2893 902 2943 genere
922 2891 981 2928 eum
998 2876 1082 2926 menti
1100 2881 1170 2938 eunt,
1191 2874 1281 2938 praerl·

174 2950 294 3002 enuntia
305 2950 394 3013 hebet,
408 2965 485 3016 quem
495 2953 609 3003 omniurn
625 2952 707 3017 philo·
746 2955 813 3020 piet,
824 2971 876 3005 non
885 2954 989 3020 quidem
998 2953 1130 3017 Juvenal,
1147 2953 1192 3018 qni
1207 2950 1280 3003 alind

174 3027 313 3092 tophorunr
336 3027 441 3091 terium,
469 3043 527 3078 cunr
547 3027 605 3078 uliit
624 3029 706 3080 voluit
746 3032 864 3097 etplene
883 3031 1015 3083 diversum
1033 3031 1166 3082 coneilium
1186 3028 1238 3079 eliu
1251 3034 1281 3080 et

173 3101 374 3167 communicare,
399 3110 584 3169 praeceptaque
613 3119 660 3154 ena
679 3104 706 3154 iu
747 3107 852 3159 diverte
861 3102 962 3159 ratione
971 3115 1125 3173 perseeutor
1134 3112 1184 3156 eet.
1219 3105 1280 3157 Nou

173 3179 304 3230 hominum
322 3178 418 3228 miuron
434 3194 493 3230 cunr
510 3193 600 3230 eornm
616 3180 705 3245 volup·
746 3185 828 3249 magia
837 3199 926 3235 verum
938 3183 1001 3235 illud
1014 3183 1134 3234 ridetur:
1154 3182 1279 3232 Horatia·

173 3256 376 3310 tnteindncere:
388 3255 471 3307 voluit
481 3256 587 3318 dooere,
596 3255 707 3307 instrue·
746 3276 806 3314 nam
819 3264 956 3324 tutionem,
975 3261 1085 3311 ridendo
1098 3261 1201 3311 scilieet
1211 3273 1283 3310 erro·

173 3349 212 3395 re,
234 3349 347 3397 errores,
368 3333 557 3399 qutbnranimi
576 3334 706 3399 opprime·
747 3354 789 3391 ree
808 3340 948 3404 corrigere,
970 3339 1102 3388 meliorem
1122 3351 1188 3402 eene,
1203 3350 1280 3402 quam

173 3418 275 3477 rentur,
286 3412 407 3475 evellere,
425 3410 558 3475 opiniones
576 3411 706 3462 hominum
746 3415 943 3481 qnaluvennlit
954 3415 1066 3478 muttit,
1077 3414 1142 3465 utin
1154 3413 1277 3463 invidiem

173 3502 268 3557 pram
290 3494 320 3540 et
342 3494 442 3538 temere
463 3493 587 3552 acceptu
605 3488 706 3552 tollere,
746 3491 811 3542 vitiu
846 3490 989 3541 rddneeret
1024 3490 1280 3554 indignationemque

30 3618 32 3647 ἶ
64 3575 67 3579 ’
172 3563 707 3631 eutemendnre,rntinuem,quaoptime,
744 3571 874 3628 moveret,
897 3565 944 3615 ted
967 3564 1113 3628 Horatium,
1138 3564 1207 3628 quod
1230 3561 1281 3613 eibi

172 3656 276 3706 tenure,
294 3641 442 3708 tranquille,
467 3642 577 3692 honeste
598 3647 627 3692 et
646 3657 706 3693 eum
745 3640 1044 3711 propmuerit,nontem
1055 3639 1122 3689 bene
1134 3644 1280 3688 assecutum

173 3721 405 3786 voluptutevivere
418 3719 667 3786 pueriqotteudere,
678 3727 706 3770 et
746 3731 813 3781 eree,
832 3731 909 3782 quem
924 3715 1087 3773 iuvenalem,
1105 3713 1149 3778 qui
1169 3711 1281 3762 feliciori

172 3798 229 3849 lieo
240 3799 328 3850 omnin
346 3798 394 3863 ita,
410 3804 440 3848 ut
452 3798 523 3849 nulle
537 3797 657 3863 magistri
667 3813 707 3849 ee·
747 3807 868 3845 enceeeeu
878 3793 904 3841 in
915 3806 962 3841 tuo
970 3805 1065 3856 genere
1077 3804 1137 3841 uena
1146 3790 1194 3850 εἰη
1208 3789 1280 3839 illum

173 3875 295 3937 vatinio,
309 3875 380 3926 nullo
395 3875 542 3940 philotopiti
558 3875 708 3940 supercilio,
746 3882 841 3939 nempe
864 3883 922 3919 raro
938 3868 1018 3917 ritum
1036 3881 1140 3918 movere
1159 3864 1282 3929 potuieee,

173 3949 471 4015 nulledoctieujrudam
485 3949 659 4002 ostentatione
669 3949 708 4001 of·
746 3949 815 4001 hune
833 3960 936 4011 temper
954 3943 1158 4008 indignationem
1172 3941 1283 3991 excitae·
1390 3967 1394 3977 ·

174 4025 424 4090 sendererir,ne‹lut
439 4025 644 4090 emieoludenti,
661 4033 707 4078 eut
747 4022 794 4075 tel
827 4023 872 4074 lta
883 4017 1195 4088 judieatKoenigdeStt.
1207 4017 1280 4070 uon.

176 4105 377 4169 potimveriteti
395 4106 457 4170 ipsi,
477 4105 568 4157 liubila
582 4104 707 4173 cultuque
747 4103 828 4165 pti.

176 4179 284 4249 rinplioi
300 4189 331 4261 et
342 4196 451 4249 ameno,
468 4181 551 4234 multe
561 4180 706 4237 cannene-
