3059 4925
249 312 295 377 ὃς
700 361 704 370 ‚
756 336 847 400 vino

245 489 261 553 .‘
275 484 418 570 Propter
432 482 545 567 quod,'
558 482 676 569 inquit,
700 485 788 550 ‘snb
804 485 916 571 specie
929 485 1063 554 honoris
1073 488 1237 572 relegatus
1249 497 1301 559 ea
1311 492 1356 560 od

250 589 394 655 cohortis
409 607 522 654 curam
537 588 573 652 in
586 589 747 673 AEgypto,
771 587 903 669 Hoase,
924 591 982 655 ubi
1002 597 1150 658 mortuus
1172 594 1244 661 est?
1287 595 1363 661 Sed.

248 691 362 758 mitius
385 692 517 775 fingitur
537 689 731 770 Domitiani,
745 710 848 775 quam
867 693 940 772 fuit,
961 694 1136 778 ingenium,
1156 717 1232 762 cum
1253 699 1358 768 verbe

247 795 307 861 illa
320 793 413 858 exilio
428 795 568 880 expiato
580 796 731 875 credunt,
743 795 920 880 etquidem
935 795 996 862 tuli
1011 797 1113 876 exilio,
1124 800 1215 887 quod
1229 801 1356 885 speciem

247 898 382 964 haberet
396 895 529 977 horroris,
543 897 632 983 qnod
644 894 832 984 profectura
852 901 1078 985 potiusquam
1102 902 1227 964 erilium
1242 903 1358 987 appel·

247 1011 379 1082 latetur.
423 1002 503 1068 Fuit
517 1002 651 1087 quidem
665 1000 688 1066 J
690 1003 840 1068 avennis
862 1003 896 1068 in
918 1002 1022 1083 erilio,
1039 1001 1141 1071 etiam
1155 1006 1187 1070 in
1204 1003 1356 1091 AEgypto,

168 1183 173 1188 ι
246 1114 284 1172 ut
311 1127 331 1171 e
359 1106 471 1172 Sotira
492 1106 567 1190 ejus
593 1106 756 1189 colligitur
784 1124 848 1171 xv.
875 1110 929 1174 45.
958 1127 1025 1178 non
1050 1114 1161 1176 tomen
1184 1114 1273 1175 certe
1295 1111 1358 1175 sub

250 1204 449 1290 Domitiano.
494 1208 568 1274 Imo
582 1207 779 1274 iuvenalem
793 1210 828 1275 in
842 1211 918 1296 ipsa
934 1208 1058 1276 Subura
1082 1219 1243 1278 memorat
1265 1211 1359 1277 Mur·

246 1312 348 1393 tialis,
370 1312 448 1397 (Ep.
472 1330 542 1380 xri.
571 1313 641 1392 18.)
665 1333 753 1378 anno
776 1321 955 1399 postquam
978 1318 1012 1380 in
1038 1318 1180 1399 patriam
1193 1314 1357 1393 rediisset,

246 1413 353 1501 (qnod
367 1415 503 1501 ijoni
516 1416 614 1482 tertio
634 1413 817 1482 Consulatu
828 1413 972 1501 factum)
996 1417 1039 1481 ad
1064 1418 1236 1482 minimum
1259 1417 1354 1483 AErae

245 1523 369 1586 nostrae
377 1518 660 1586 Christienaenru.
667 1524 743 1605 post
751 1520 878 1586 caedem
887 1518 1067 1585 Domitiani
1075 1537 1238 1586 vuncum
1246 1525 1357 1586 tamen

247 1621 338 1688 tudio
349 1632 379 1688 et
395 1642 511 1710 angore
524 1624 632 1703 (exilii
646 1624 788 1703 scilicet)
802 1632 959 1688 mortuum
975 1629 1113 1690 testetur
1125 1624 1206 1689 vitae
1230 1621 1358 1688 Auctor

244 1723 451 1812 Anonymu's.
495 1726 676 1812 Nunquam
701 1727 835 1810 redierit
858 1729 999 1813 oportet,
1023 1729 1080 1812 qui
1103 1725 1193 1791 tudio
1218 1723 1305 1792 exilii
1327 1731 1358 1787 et

247 1850 364 1915 ungere
386 1834 427 1894 rit
450 1840 600 1896 mortuus.
645 1830 736 1898 Fieri
758 1836 870 1897 tamen
892 1834 953 1896 vix
978 1832 1089 1915 potuit
1111 1831 1191 1914 quin
1217 1825 1356 1906 redierit,

247 1929 353 1998 Neron
369 1935 485 1999 exules
496 1943 669 2014 revocante,
684 1934 741 2019 qui
756 1954 779 2000 a
794 1930 982 1999 Domitiano
995 1934 1115 2001 fuisset
1133 1933 1310 2015 relegatus,
1325 1935 1357 2000 si

243 2035 380 2122 ,quidem
395 2032 580 2102 Domitiano
594 2039 713 2104 fuisset
733 2047 892 2121 superstes.
936 2038 1125 2103 Praesertim
1146 2037 1215 2114 ille,
1230 2037 1287 2121 qui
1301 2056 1358 2119 per

244 2139 372 2224 speciem
388 2139 513 2207 honoris
537 2143 739 2208 exulaverat.
784 2141 840 2206 Ita
862 2146 1007 2224 pugnent
1029 2140 1151 2218 omnia,
1165 2140 1356 2222 quominus

242 2262 326 2314 ‚vera
336 2263 411 2309 esse
422 2245 531 2328 possit
539 2250 675 2329 recepta
688 2245 747 2328 illu
760 2246 934 2314 sententia.

241 2407 244 2414 .
288 2344 357 2410 Sed
384 2365 465 2412 vero
493 2367 515 2412 a
542 2345 666 2412 Sidonii
694 2348 752 2418 illo
778 2349 965 2416 testimonio
991 2346 1132 2431 pendent
1146 2345 1282 2429 ‘recepti
1307 2343 1357 2411 illi

244 2466 379 2527 errores,
394 2447 472 2513 irati
484 2447 642 2515 histrionis
655 2449 770 2515 erotem
787 2448 973 2517 Juvenrlem
991 2450 1205 2535 appellantis.
1248 2444 1358 2512 Addit
1422 2477 1426 2484 Α

242 2556 408 2635 praeterea
421 2554 642 2633 manifestum,
657 2561 693 2622 ut
706 2561 814 2642 pntnt,
841 2554 958 2621 Suidco
973 2552 1198 2636 Auctorisque
1219 2550 1357 2617 veteris,

243 2653 303 2736 qui
317 2652 414 2718 vitam
431 2650 597 2725 Juccuatit
620 2658 830 2743 conscripsit,
851 2655 1015 2743 Ryckius.
1050 2654 1164 2740 ‚Atqui
1187 2653 1357 2721 nunidem
1457 2668 1468 2677 ·

243 2754 432 2834 dicuntilli,
451 2762 489 2823 ut
510 2774 593 2825 mox
606 2758 804 2834 videbimus,
820 2760 909 2845 quod
929 2765 1025 2845 putat
1046 2760 1102 2827 ille
1127 2758 1235 2825 dicere
1258 2754 1358 2823 Sido·

240 2857 344 2923 nium.
387 2857 594 2944 Ego‘potius
618 2861 766 2927 vicissim
788 2883 832 2929 er
856 2860 921 2926 illis
947 2861 1184 2947 explicandum
1198 2859 1355 2925 existimo

245 2958 420 3027 Sidonium.
456 2962 515 3028 Sic
529 2968 639 3030 autem
653 2982 691 3028 se
703 2983 773 3028 rem
799 2964 891 3029 illam
912 2970 1017 3031 totam
1038 2963 1195 3029 habuisse
1220 2977 1354 3025 censeo.

242 3058 333 3129 Exul
344 3071 428 3143 erat,
444 3067 491 3133 uti
501 3066 574 3152 jam
585 3066 668 3143 dixi,
679 3063 856 3144 Juvenatis,
868 3087 945 3133 cum
956 3066 1099 3131 Satiram
1112 3064 1356 3131 scriberetxv.

239 3166 323 3243 Hoc
346 3168 518 3235 confirmat
540 3170 641 3237 etiam
663 3170 699 3233 in
713 3188 765 3234 vs.
781 3170 835 3235 27.
877 3169 1101 3235 Scholiastes:
1126 3166 1207 3231 ‘De
1229 3164 1288 3241 se‚’
1305 3164 1355 3231 in·

243 3270 326 3353 quit,
358 3275 368 3304 ‘
381 3269 557 3339 Iuvenalis
569 3271 662 3351 dicit,
676 3272 756 3356 quia
769 3273 805 3336 in
819 3273 967 3357 AEgypto
988 3271 1126 3337 militem
1137 3268 1252 3344 tenuit,
1268 3272 1303 3332 et
1316 3283 1358 3328 ee

241 3375 407 3459 promittit
431 3395 468 3439 se
487 3376 666 3441 relaturum
688 3375 864 3459 qnae‘ipse
889 3372 997 3441 vidit?
1040 3372 1185 3441 Proinde
1208 3372 1291 3435 rixae
1307 3368 1356 3433 iiii

240 3475 316 3559 ipse
342 3475 447 3553 offuit,
479 3497 579 3561 quom
605 3477 766 3543 describit
795 3477 881 3543 inter
909 3474 1063 3541 Ombitos
1095 3483 1130 3540 et
1156 3472 1357 3557 Tentyritae.

239 3577 391 3665 Tempus
415 3586 527 3645 nutem
551 3582 624 3665 ipse
648 3580 839 3663 designavit
857 3579 942 3644 rixae
967 3577 1069 3654 iliius,
1088 3597 1166 3643 cum
1190 3580 1223 3638 et
1258 3593 1358 3657 nuper

239 3679 330 3749 iiiam
344 3682 523 3763 contigisse
538 3682 632 3762 dicit,
655 3688 689 3748 et
708 3681 846 3766 quidem
862 3676 996 3749 consule
1011 3674 1111 3741 Juur'o
1133 3678 1204 3743 Sat.
1218 3694 1285 3743 xv.
1299 3677 1356 3747 27.

241 3779 322 3863 Scio
336 3783 480 3867 quidem,
500 3779 531 3845 V
528 3783 630 3847 inrum
654 3783 841 3861 nonnullos,
860 3778 1000 3846 Junrum
1026 3779 1112 3845 alios
1134 3780 1170 3842 in
1190 3779 1267 3845 loco
1293 3777 1355 3844 ilio

239 3882 356 3967 legere.
401 3884 443 3948 Id
465 3905 596 3973 quoqne
631 3885 714 3963 scio,
748 3885 783 3949 in
816 3883 1109 3968 Inscriptionibus,
1142 3901 1210 3946 non
1243 3887 1356 3944 tamen

238 3984 356 4075 horum
381 3992 577 4072 temporum,
602 4005 774 4053 occurrere
803 3984 966 4055 AEmitium
991 3981 1140 4048 Juncum.
1185 3980 1265 4061 Sed,
1280 3980 1356 4069 qui-

239 4107 381 4174 cumque
401 4088 534 4154 demum
557 4090 588 4155 is
608 4089 708 4155 fuerit
733 4088 869 4166 Consul,
897 4084 1104 4150 ordinarium
1129 4094 1217 4151 certe
1248 4083 1356 4148 fuisse

238 4189 511 4259 verisimillimum
523 4196 588 4259 est.
620 4186 804 4277 Designatis
812 4190 900 4255 enim
914 4185 1098 4253 Consulibus
1107 4196 1163 4252 res
1175 4192 1271 4253 extra
1283 4184 1355 4257 lta.-
