3059 4925
231 305 279 380 dd
741 319 831 370 vrrs

232 480 351 542 eontra
362 492 426 540 sua
443 467 562 539 aliems
579 471 764 536 nominibus
784 468 1007 553 supposuerit,
1029 472 1062 532 et
1076 468 1217 553 quidem,
1230 470 1353 553 qualis

233 576 338 642 Paris
351 577 468 655 suerat,
491 566 682 640 liberorum.
719 572 840 657 Itaque
857 577 890 635 et
905 567 1013 633 Roma
1029 570 1129 638 fuerit
1148 577 1288 655 oportet,
1305 581 1338 636 ot

234 701 308 747 suae
332 681 452 745 indolis
477 679 703 763 experimenta
725 675 854 739 dederit
878 675 913 738 in
932 674 1081 740 literatos
1105 675 1338 741 munificentis·

166 865 175 874 ἱ
235 786 343 864 simae,
355 803 430 850 cum
442 783 465 849 J
467 783 615 848 uvenalis
629 782 733 845 illain
743 797 781 843 se
791 779 883 843 dicta
893 777 1057 862 suspicari
1064 786 1178 863 posset
1193 779 1338 845 Hadria·
1357 797 1361 804 ·

235 905 306 953 uus.
344 886 401 951 Sic
416 894 490 953 ante
511 888 587 950 anni
603 899 740 960 oxvrrr.
754 882 863 961 finem,
889 888 947 946 aut
969 899 1073 947 cxix.
1098 884 1238 960 initium,
1252 883 1337 949 mitti

236 991 296 1057 six
310 992 420 1075 potuit
433 990 468 1054 in
480 991 616 1054 exilium
628 987 813 1053 luvenalis.
866 984 948 1051 Erat
962 991 1082 1063 autem,
1097 1006 1171 1050 cum
1181 986 1339 1068 relegare·

235 1100 299 1172 tur,
323 1090 546 1178 octogenarius.
583 1090 727 1157 Proinde
747 1098 838 1151 erutus
858 1088 959 1154 fuerit
982 1088 1036 1153 vel
1062 1091 1139 1153 anni
1165 1099 1339 1155 xxxviia

235 1196 310 1275 fine,
333 1198 388 1261 vel
412 1184 555 1260 xiixrx.
578 1195 682 1259 initio.
733 1193 818 1258 Inde
841 1194 969 1277 reliqua
990 1191 1164 1257 luvenalis
1190 1198 1339 1275 tempora

234 1288 329 1364 erunt
342 1298 550 1364 arcessenda.

279 1400 339 1468 Ait
359 1403 440 1466 vitae
463 1400 591 1470 Auctor
621 1400 689 1465 ‘ad
714 1399 857 1464 mediam
870 1396 945 1484 fere
969 1402 1099 1464 aetatem
1125 1397 1339 1492 declamasse,

237 1504 340 1569 animi
352 1507 459 1588 magis
481 1525 597 1584 causa,
612 1519 711 1590 quam
723 1503 813 1587 qnod
826 1503 950 1568 scholae
966 1507 1023 1565 aut
1034 1502 1106 1565 foro
1120 1499 1342 1584 praepareret'
1366 1523 1368 1526 ’

237 1604 442 1690 Suffragatur
476 1613 509 1673 et
535 1609 619 1692 ipse,
655 1626 731 1671 cum
761 1607 811 1669 ait
838 1625 867 1667 se
894 1602 1053 1668 consilium
1086 1600 1201 1666 dedisse
1233 1600 1341 1683 salta,

232 1699 382 1791 privatas
396 1718 431 1772 nl
446 1706 546 1774 ultum
560 1706 719 1779 dor'miret.
741 1706 829 1792 (Sat.
840 1723 864 1769 1.
875 1702 946 1789 16.)
967 1705 1073 1770 Plane
1088 1703 1342 1768 declamatorium

237 1809 319 1876 illud
344 1815 413 1875 erat
436 1817 671 1893 argumentum.
716 1809 799 1873 Inde
813 1806 979 1893 scenordia
1002 1809 1135 1874 nomine
1149 1809 1242 1873 illum
1256 1808 1341 1873 cele·

166 1927 171 1938 ·
237 1912 311 1978 brat
326 1911 502 1979 Martialis.
524 1915 633 1998 (Epig.
650 1930 715 2001 vn.
729 1914 784 1979 ol.
799 1914 846 1992 l.)
869 1912 974 1977 Recte
995 1913 1149 1976 nimirum
1163 1912 1229 1990 ille,
1245 1913 1341 1976 satis*

237 2029 314 2098 que,
329 2035 390 2098 pro
404 2022 589 2101 temporum
606 2018 743 2095 ratione,
765 2035 919 2097 congrue.
964 2011 1074 2078 Media
1089 2016 1175 2079 enim
1190 2024 1265 2078 atas
1279 2012 1344 2077 Ja-

237 2117 355 2182 veaalis
368 2121 553 2195 incurretin
567 2117 1000 2201 annumpronostrishisce
1011 2117 1162 2195 calculis,
1175 2125 1347 2182 dxxviii,

238 2223 292 2286 vel
307 2238 447 2287 uxxrx.
460 2223 574 2285 multis
589 2227 684 2285 autea
699 2221 917 2303 amnisquam
932 2220 1087 2285 scriberet
1095 2221 1154 2285 illa
1166 2219 1341 2285 Martialis.

240 2322 307 2387 Sed
320 2324 410 2387 nulla
423 2323 529 2387 adhuc
544 2328 745 2387 memoratur
769 2322 843 2406 ejus
868 2322 1044 2387 celebritas
1058 2342 1080 2387 a
1093 2341 1129 2387 re
1144 2322 1289 2406 poetica,
1299 2337 1344 2386 us
1377 2401 1379 2404 Ι

240 2425 372 2509 quidem
396 2445 418 2491 a
448 2422 656 2504 Quintiliano,
676 2425 735 2490 ubi
757 2422 828 2508 agit
850 2424 891 2489 de
913 2426 1132 2509 scriptoribus
1147 2423 1343 2490 Satirarum.

240 2527 321 2593 Nou
334 2530 498 2615 equidem,
510 2535 547 2594 ut
561 2530 749 2614 suspicatur
771 2528 949 2611 nigasius,
966 2515 1063 2611 quasi
1085 2528 1179 2594 illum
1203 2526 1347 2598 laesisset

240 2630 305 2701 hoo
329 2632 406 2715 ipso
426 2631 613 2720 ,Satirarum
635 2650 733 2716 opere
754 2630 937 2698 Iuvenalis.
973 2629 1116 2696 Tantum
1138 2633 1244 2710 abest,
1258 2638 1295 2697 nt
1311 2632 1345 2698 id

240 2734 379 2800 moleste
391 2735 475 2798 ferre
497 2740 748 2819 possetnoster,
769 2741 805 2799 ut
826 2754 906 2799 sane
930 2739 1045 2798 contra
1065 2736 1219 2817 nuspiam
1242 2736 1343 2816 illius,

241 2837 307 2901 nisi
320 2856 396 2902 cum
406 2839 539 2915 honore,
553 2837 744 2901 meminerit.
789 2836 855 2901 Sed
870 2842 981 2900 mouet
994 2851 1108 2901 noster
1115 2838 1267 2902 lectorem
1284 2838 1346 2902 nli·-

242 2940 383 3022 quoties,
397 2943 446 3020 (v.
462 2937 601 3016 Quintil.
618 2955 673 3004 11-1.
688 2941 719 3004 1.
733 2946 766 3002 et
782 2954 820 3002 u.
835 2939 881 3017 1.)
904 2957 941 3002 se
964 2938 1075 3004 dedita
1098 2959 1234 3022 operaa
1248 2940 1347 3004 aomi-

242 3037 333 3105 nibus
356 3040 523 3105 visentium
548 3042 718 3107 abstinere.
736 3039 801 3105 ·Et
821 3042 935 3105 multis
955 3047 1073 3126 postea
1095 3044 1189 3106 anuis
1212 3042 1348 3127 scripsit

242 3141 417 3208 Iuvenalis
438 3144 525 3222 illas,
546 3162 630 3228 quas
651 3143 823 3221 habemus
847 3143 984 3209 Satires.
1006 3166 1011 3177 ,
1029 3141 1136 3208 Addit
1160 3146 1247 3209 euim
1268 3147 1346 3211 vitae

243 3241 384 3324 Auctor,
402 3252 621 3331 posteaquam
644 3243 920 3325 declamationibus
946 3246 1164 3312 inclaruisset:
1188 3244 1348 3312 ‘Deinde

242 3362 594 3431 paucorumversunm
619 3347 730 3413 Satira
753 3348 974 3414 nonabsnrde
989 3346 1176 3432 composita
1196 3351 1231 3412 in
1254 3349 1348 3415 Pari·

244 3448 320 3513 dem
332 3448 570 3534 pantomimum
583 3451 783 3535 pastamque
809 3450 940 3515 Claudii
967 3451 1122 3530 Neronis,
1138 3452 1213 3536 ejus
1227 3472 1349 3518 semes·

243 3553 349 3617 tribus
383 3552 544 3618 militiolis
579 3558 764 3632 tumentem,
801 3573 901 3636 genus
943 3554 1115 3637 scripturae
1151 3554 1349 3619 industriose

244 3653 412 3720 excoluit?
465 3654 608 3719 Proinde
638 3652 760 3719 urticam
783 3657 876 3720 illam
902 3656 1004 3720 fuisse
1025 3674 1256 3742 paucorumque
1281 3676 1350 3720 ces⁴

245 3772 332 3820 soum
371 3755 509 3821 Solitum
544 3760 658 3838 innuit,
688 3779 787 3843 quam
819 3759 955 3843 primum
991 3760 1127 3844 scripsit
1153 3760 1349 3835 luvenalis:
1433 3830 1437 3839 ,

245 3874 319 3922 eam
346 3879 423 3925 cum
447 3882 509 3923 aare
545 3858 676 3924 absurde
711 3861 906 3945 compositam
943 3862 1015 3944 ipse
1046 3863 1241 3945 judicasset,
1273 3858 1349 3926 inde

245 3960 376 4027 animos
393 3965 551 4039 sumsisse
573 3960 616 4025 ad
638 3984 732 4050 genus
752 3963 909 4049 scriptura
934 3962 1120 4044 industriose
1142 3962 1352 4030 excolendam

246 4062 371 4130 Mansit
401 4071 513 4131 tamen
537 4067 624 4137 intra
651 4068 785 4153 privata
811 4065 971 4132 Auctoris
996 4069 1120 4133 scrinia
1142 4067 1250 4150 prima
1269 4066 1352 4150 ’ejus

20 4134 25 4225 ¹,
129 4202 136 4211 -
244 4165 306 4231 illa
327 4168 362 4233 iu
384 4169 451 4235 hoo
472 4188 589 4258 genere
616 4166 780 4236 scribendi
802 4170 1014 4243 exercitatio.
1046 4167 1168 4238 „Adeo
1196 4168 1363 4233 nimirum·
