3059 4925
227 335 281 409 “96
524 351 677 409 nu'ssr.
700 333 860 419 nu'cr'un,
878 355 1070 421 ιιοιιιιιιι,ι

236 507 411 575 instituta:
439 508 587 575 sed'dioi
608 509 670 575 vix
691 515 817 593 potest,
848 485 1054 595 quantopere
1078 511 1165 575 iuter
1191 530 1251 576 eos
1272 507 1349 578 dis-'

133 697 135 701 ι
239 617 376 696 crepet.²
421 611 541 696 Neque
562 612 626 677 hoo
651 612 736 677 adeo
759 613 879 676 mirum
895 611 1000 677 videri
1026 614 1133 679 debet.
1177 613 1278 694 Nam,
1303 621 1343 682 ut
1381 673 1384 680 .

239 719 380 793 taceam,
394 733 469 778 eum
483 715 678 798 plerumque
693 714 889 799 scriptorem
913 715 989 779 aliis
1015 717 1163 801 ejusdem
1182 718 1308 822 generis
1321 737 1344 783 a

239 816 339 882 nobis
353 817 513 894 anteferri,
524 818 621 901 nujus
636 818 804 900 ingenium
816 838 989 902 moresque
1003 839 1080 882 cum
1093 821 1215 883 uostris
1234 821 1343 885 maxi-1

239 940 291 985 me
306 926 498 1003 congruant,
509 923 633 1005 quique
648 921 734 985 adeo
747 921 845 986 nobis
859 922 1070 1004 potissimum
1086 923 1120 986 in
1145 922 1273 987 deliciis
1287 923 1343 999 sit,

134 1036 140 1045 ·
190 1051 192 1055 ³
240 1022 304 1087 uiri
319 1022 409 1087 docti
431 1025 603 1089 non-satis
625 1030 831 1108 reputarunt,
853 1024 944 1089 iilam
968 1026 1252 1108 comparationem
1274 1025 1344 1089 sere

135 1133 138 1138 ’
240 1131 342 1207 totam
357 1126 499 1208 pendere
513 1147 535 1192 a
549 1127 739 1192 diversitate
766 1134 963 1212 temporum,
984 1128 1202 1210 ingeniorum,
1215 1147 1346 1191 morum

242 1213 491 1312 studiorumque
506 1230 654 1314 cujusvis
668 1227 793 1312 poiitae.
840 1228 957 1293 Omnis
972 1250 1051 1295 vero
1066 1229 1249 1314 disputatio
1261 1229 1345 1293 fluo·

242 1335 314 1395 tuet
335 1350 473 1395 necesse
496 1338 557 1410 est,
588 1333 707 1396 sinon
735 1333 802 1397 nisi
828 1333 863 1396 in
887 1334 1077 1399 universum
1100 1352 1154 1398 res
1178 1331 1291 1415 aliqua
1312 1332 1348 1396 in

243 1434 461 1517 quaestionem
475 1440 626 1514 vocatur,
644 1456 753 1520 neque
775 1441 864 1501 certa
879 1438 1088 1503 constituitur
1102 1436 1242 1501 formula
1254 1454 1349 1517 rogu-

242 1536 354 1619 mque,
368 1534 412 1598 ad
427 1556 527 1619 quam
537 1536 666 1621 judicia
680 1541 863 1621 exigantur.

272 1637 330 1702 'In
344 1637 486 1703 divorsis
503 1640 621 1704 Satirae
646 1642 819 1723 generibus
843 1641 1100 1725 auctoribusque
1127 1638 1350 1726 dijudicandis

244 1742 330 1806 ratio
343 1741 517 1825 praecipue
531 1744 685 1808 habenda
697 1750 749 1808 est
763 1744 892 1835 saeculi,
904 1761 970 1828 quo
982 1743 1085 1827 poeta
1096 1745 1239 1827 quisque
1249 1742 1352 1819 vixit,

245 1849 279 1909 ot
292 1864 421 1914 morum
436 1846 694 1930 studiorumque,
716 1866 794 1930 quoe
815 1865 856 1910 eo
878 1847 1061 1928 viguerunt.
1108 1844 1249 1909 Nullum
1263 1844 1351 1905 enim

246 1942 391 2029 poeseos
420 1968 524 2030 genus
547 1953 610 2027 est,
636 1948 727 2034 quod
749 1949 857 2031 magis
887 1950 932 2012 sit
955 1948 1026 2012 filia
1053 1948 1222 2032 temporis
1250 1964 1353 2029 quam

247 2047 369 2127 Satira,
386 2071 461 2134 quae
482 2052 559 2115 inde
574 2052 737 2137 depromit
750 2057 955 2135 argumenta,
969 2035 1013 2114 ‘et
1035 2045 1163 2114 ornnem
1184 2049 1251 2113 sere
1274 2067 1354 2111 suo·

248 2170 324 2215 cum
350 2156 450 2236 atque
478 2153 623 2244 colorem
651 2153 755 2218 ducit.
821 2152 990 2217 Praeterea
1017 2150 1261 2236 dispiciendum
1289 2155 1354 2225 ost,

248 2254 340 2336 quod
354 2256 465 2320 cuivis
480 2256 591 2340 poetae
616 2256 716 2322 fuerit
737 2257 914 2338 ingenium,
931 2275 1008 2339 quoe
1021 2255 1181 2318 institutio
1196 2259 1230 2317 et
1243 2253 1354 2317 victus

251 2356 465 2424 consuetudo.

294 2459 494 2540 Lucrinus,
505 2468 543 2528 ut
556 2463 597 2528 de
610 2484 651 2528 eo
667 2463 810 2547 primum
823 2460 978 2549 quaedam
992 2466 1026 2525 et
1037 2480 1184 2529 seorsum
1193 2456 1356 2535 dicamas,
1451 2491 1453 2493 .

250 2564 294 2627 ab
307 2564 446 2628 obsessa
462 2563 660 2647 Carthagine
684 2552 728 2629 ai
755 2565 886 2630 initium
911 2565 1019 2648 quinti
1034 2563 1225 2628 consulatus
1240 2559 1355 2636 Marii,

249 2666 373 2749 inquo
399 2664 525 2731 Cimbri
555 2673 588 2731 et
615 2666 783 2732 Teutones
809 2668 893 2733 victi
920 2672 1007 2745 sunt,
1032 2662 1184 2758 adeoque
1206 2684 1247 2729 ea
1268 2661 1357 2729 vixit

747 2834 854 2886 NOTAE

252 2942 285 2978 ex
295 2926 336 2990 iis,
347 2941 406 2993 quae
418 2927 453 2977 de
467 2928 603 2993 poetarum
616 2929 719 2979 illorum
734 2930 785 2979 vir·
824 2928 909 2993 Epist.
922 2931 1022 2982 Quaest.
1042 2941 1074 2978 rr.
1090 2932 1115 2978 9.
1137 2932 1165 2976 et
1183 2925 1311 2989 Rigaitius
1331 2925 1359 2974 in

253 3004 353 3056 tutibus
365 3019 396 3054 ac
412 3007 519 3070 propria
533 3007 621 3057 indole
635 3007 699 3069 dixi,
715 3007 786 3057 oolli-
825 3007 897 3056 Diss.
916 3006 950 3055 de
970 3007 1026 3055 Sat.
1045 3005 1142 3056 Juven.
1160 3003 1271 3068 palmam
1288 3001 1359 3053 ‹lofe-

253 3096 316 3153 gere
338 3084 428 3148 possit.
469 3086 660 3136 Constitueram
680 3100 785 3151 quoque
825 3089 894 3134 runt.
936 3078 1011 3132 conf.
1028 3081 1105 3131 otiam
1121 3080 1232 3144 Vulpius
1253 3080 1285 3128 de
1303 3079 1359 3129 Sat.

253 3158 405 3226 disquirere,
425 3168 511 3211 utrum
528 3162 614 3212 Satira
628 3162 729 3226 justum
749 3163 786 3211 sit
824 3163 884 3214 Lat.
896 3178 918 3212 c.
930 3176 970 3212 ιιι.
987 3169 1015 3211 et
1031 3174 1082 3210 ιιι.
1106 3161 1229 3210 ounaeus
1241 3158 1268 3207 in
1282 3156 1359 3207 Orat.

254 3240 349 3304 poima
369 3255 418 3289 neo
438 3255 479 3290 ne.
512 3242 598 3293 Quam
617 3240 786 3304 quaestionem
827 3239 1034 3290 anxinetaiii.
1067 3239 1152 3288 Nemo
1169 3237 1362 3286 autemvelco-

255 3315 288 3367 ab
302 3316 414 3389 iiorstio
431 3317 591 3381 propositam
608 3318 663 3366 Sat.
675 3330 695 3365 1.
706 3320 731 3366 4.
743 3317 786 3366 ³9·-
825 3316 922 3380 piosius
939 3316 980 3365 rel
998 3315 1143 3365 accuratius
1154 3315 1187 3365 de
1198 3329 1261 3364 vera
1276 3313 1361 3378 enjus·

254 3396 296 3442 oi.
312 3406 449 3443 excussere
461 3393 572 3443 casaub.
590 3392 624 3442 do
639 3393 693 3442 Sat.
710 3394 786 3442 Rom.
826 3394 865 3442 vis
876 3393 961 3458 poeta
972 3398 1050 3457 atque
1062 3393 1167 3458 propria
1177 3392 1263 3441 indole
1274 3392 1361 3456 dispu-

255 3481 287 3517 ιι.
298 3472 324 3519 6.
340 3467 399 3534 (ubi
414 3466 482 3518 conf.
495 3465 650 3532 Rambach.)
665 3468 787 3518 Wieiand
826 3469 903 3531 tavit,
915 3484 991 3534 quarn
1011 3469 1104 3518 Mauso
1120 3468 1147 3516 in
1165 3468 1242 3529 libro,
1262 3467 1363 3531 quiin·

255 3545 289 3597 ad
305 3546 399 3596 Horat.
416 3546 435 3593 1.
447 3546 466 3594 i.
477 3551 530 3594 aot.
541 3549 566 3594 7.
584 3550 612 3593 et
627 3545 682 3606 alii,
699 3545 743 3609 qui
760 3545 787 3594 in
827 3545 938 3607 scriptus
949 3551 990 3594 ost
1000 3542 1280 3606 Naouragmsazerr
1290 3544 1363 3596 Tura,

256 3621 364 3684 poiseos
380 3626 499 3671 naturam
515 3619 663 3684 diligentius
685 3619 789 3684 inquisi-
827 3621 864 3668 rie
880 3621 909 3669 Τ.
926 3633 966 3668 rv.
983 3621 1056 3669 Fasc.
1067 3633 1099 3670 ιι.
1118 3636 1144 3684 p.
1155 3624 1271 3670 44Μ96.
1290 3618 1362 3686 (quae

256 3706 359 3749 rerunt.
388 3698 431 3748 Ad
442 3700 486 3748 tros
497 3702 559 3748 v'ero
571 3697 718 3748 remittendi
729 3702 790 3746 snut
829 3702 916 3746 tamen
925 3697 1108 3747 commentatio
1120 3697 1232 3746 nondum
1243 3698 1362 3748 absolute

256 3775 380 3837 lectores,
401 3789 435 3823 ne
455 3774 583 3839 patientia
603 3788 693 3824 eorum
714 3773 789 3822 abuti
829 3779 880 3834 est,
889 3778 917 3822 et
928 3774 961 3821 ad
971 3773 1099 3822 Lucilium
1107 3780 1206 3823 tantam
1217 3774 1364 3839 Horatium·

256 3850 356 3900 videar.
830 3864 879 3913 que
889 3850 1005 3914 spectat)
1024 3857 1052 3899 et
1069 3851 1166 3914 Koenig
1177 3851 1210 3900 de
1221 3840 1276 3900 Sat.
1288 3852 1364 3901 Rom.

290 3933 306 3978 2
323 3925 433 3978 Horatio
445 3928 480 3974 D.
493 3926 615 3977 Heinsius
625 3926 658 3974 de
669 3924 723 3975 Sat.
735 3925 791 3977 Ho·
831 3940 858 3989 p.
869 3929 967 3975 uros.
986 3941 1050 3990 quos
1066 3927 1168 3976 libellos
1179 3928 1276 3991 legisse
1283 3929 1365 3979 nemi·

258 4010 307 4053 rat.
320 4003 495 4053 etDacierius
513 4003 539 4051 in
557 4001 665 4053 Praefat.
684 4001 792 4052 editioni
832 4015 892 4049 nem
908 4001 1056 4065 paenitebit.
1099 4004 1156 4054 Nos
1174 4005 1270 4068 primas
1287 4005 1364 4054 modo

258 4076 332 4147 hujus
344 4078 555 4144 poitaepraefixa,
571 4079 663 4129 Persio
680 4078 791 4131 Casaub.
832 4076 912 4125 lineas
932 4077 1058 4142 duximus,
1076 4083 1103 4127 et
1120 4087 1212 4128 neutro
1230 4080 1286 4145 jam
1305 4094 1365 4130 con·

259 4154 286 4206 iu
297 4157 444 4221 Prolegom.
454 4157 480 4205 in
491 4157 578 4220 Pers,
595 4156 717 4207 iuvenali
730 4157 792 4209 Soa·
831 4154 899 4221 sulto
915 4154 1007 4202 eadem
1024 4152 1080 4203 iero
1096 4157 1182 4206 animo
1199 4156 1271 4207 nobis
1289 4154 1366 4211 inion

258 4231 326 4298 sager
338 4232 365 4281 in
375 4232 423 4283 lib.
435 4246 478 4282 ιιι.
496 4238 524 4282 et
535 4246 574 4282 vr.
585 4231 673 4295 Pois,
689 4230 792 4294 Lipsius
831 4245 991 4280 mareramus
997 4230 1107 4296 judicia.
