3059 4925
510 357 650 423 rursu,
674 360 721 410 ur
742 358 969 410 ruvuuunrs.
1215 341 1302 408 107*

174 527 243 595 quo
256 505 518 584 accommodata
543 507 588 572 ab
603 506 681 590 ipsa
694 508 832 571 veritate
847 512 1015 590 suggesta,
1029 505 1132 572 menti
1146 506 1280 590 penitus

175 610 281 676 infixa
294 609 435 688 harena,
458 613 493 674 et
511 628 586 673 eam
600 609 747 676 suaviter
761 608 918 674 afficiens.
964 610 1100 673 Horatii
1121 614 1281 692 praeterea

175 712 459 797 philosophiaest
482 712 540 777 illa
561 713 655 790 ritae,
680 732 757 798 quae
782 712 891 790 docet,
916 711 1111 796 potentiam,
1135 710 1281 788 diritius,

176 819 347 879 externum
362 814 581 899 splendorem,
607 821 641 880 et
655 816 805 899 vulgaria
827 815 997 879 hominum
1011 812 1122 878 studia
1135 818 1283 877 contem-

176 934 252 980 nere
274 936 316 980 ac
337 916 494 1002 deridere,
518 916 567 981 nil
580 916 745 996 admirari,
769 917 801 983 h.
816 936 846 980 e.
869 914 968 981 ualde
981 916 1035 981 vel
1057 924 1203 979 metuere
1227 914 1284 981 vel

177 1035 308 1102 cupere,
351 1019 622 1102 tranquillitatem
647 1020 778 1097 mentis,
818 1020 921 1084 otium
956 1023 989 1082 et
1013 1018 1284 1082 mediocritatem

177 1139 328 1186 securam
339 1122 494 1199 hominis,
515 1139 582 1186 non
595 1123 630 1186 in
644 1121 732 1200 aula,
747 1122 807 1187 sed
827 1122 862 1185 in
883 1139 1018 1186 recessu
1031 1120 1133 1184 libere
1152 1138 1193 1183 ac
1217 1119 1283 1186 sibi

177 1222 330 1302 virentis,
346 1237 547 1290 summorum
561 1226 722 1290 bonorum
738 1228 814 1291 loco
827 1231 957 1308 putare,
971 1210 1070 1288 rebus
1086 1224 1168 1300 suis,
1183 1224 1283 1288 etiam

177 1324 322 1407 exiguis,
345 1331 535 1391 contentum
559 1346 645 1405 esse,
686 1327 906 1410 praesentibus
934 1326 1012 1389 laete
1034 1324 1109 1402 frui,
1140 1343 1207 1388 non
1227 1343 1283 1389 so·

177 1424 306 1491 licitum
327 1423 512 1506 defuturis,
527 1429 581 1492 vel
595 1430 741 1493 externis
756 1428 939 1494 obnoxium
953 1447 1040 1504 esse,
1054 1446 1161 1510 neque
1175 1433 1282 1506 exua,

178 1528 236 1593 sed
261 1530 347 1594 intra
371 1549 409 1594 se
436 1549 551 1598 veram
572 1549 720 1615 quaerere
743 1531 946 1609 felicitatem,
971 1530 1135 1595 sedunam
1165 1529 1284 1594 aDeo

179 1636 292 1714 petere
303 1638 337 1694 et
350 1651 371 1696 a
386 1651 424 1697 se
435 1631 512 1715 ipso
527 1652 655 1698 sumere
669 1633 869 1716 sapientiam
883 1634 1051 1716 animique
1063 1632 1270 1715 aequitatem.

225 1731 405 1812 Horatiae,
420 1740 458 1799 ut
470 1736 614 1800 lectores
635 1740 667 1799 et
688 1735 825 1799 suavius
837 1735 980 1800 afficeret
1001 1738 1035 1799 et
1047 1733 1283 1811 vehementius,

177 1835 291 1900 multis
313 1837 425 1901 satiris
445 1838 499 1902 vel
520 1838 737 1921 epistolarum
767 1840 822 1902 rel
845 1838 1018 1903 dramatici
1040 1837 1196 1902 conuiuis
1213 1836 1285 1900 'for-

179 1953 268 2001 mam
290 1936 407 2003 induit.
460 1937 646 2023 Utramque
674 1942 833 2004 rationem
863 1942 971 2005 secuti
991 1946 1066 2005 sunt
1094 1938 1231 2003 Persius
1252 1942 1286 2003 et

176 2035 361 2108 Iuvenalis.
406 2043 485 2122 Sed,
497 2048 534 2109 ut
547 2049 689 2122 taceam,
701 2045 744 2109 ab
758 2045 812 2109 his
826 2063 925 2108 unam
939 2048 1067 2108 tantum
1081 2042 1283 2126 alteramque

179 2146 374 2209 senteutiam
397 2151 431 2211 et
453 2146 633 2230 argumenti
647 2151 788 2231 partem,
802 2164 971 2229 nunquam
984 2164 1063 2210 vero
1084 2142 1167 2208 illud
1180 2148 1286 2208 totum

21 2221 22 2224 Ἴ
96 2279 99 2282 -
177 2245 214 2310 in
238 2247 354 2313 drama
386 2254 420 2313 et
447 2251 609 2314 actionem
635 2252 792 2328 conrard,
824 2250 931 2316 Persii
960 2247 1121 2331 dialogus,
1142 2245 1285 2331 politicae

180 2349 320 2414 similior
331 2357 383 2415 est
403 2350 531 2434 ligura,
546 2369 658 2435 quam,
674 2358 712 2418 ut
735 2351 954 2429 Horatianus,
969 2349 1092 2416 vividae
1113 2368 1221 2413 rerum
1235 2368 1286 2414 re·

178 2453 437 2535 praesentationi,
465 2473 543 2539 quae
570 2473 692 2538 magna
728 2444 962 2520 sententiarum
985 2452 1157 2530 varietate,
1180 2450 1287 2535 gratia

178 2571 218 2616 ao
232 2555 390 2633 novitate,
405 2555 578 2638 ingenioso
592 2574 811 2640 personarum
825 2555 965 2633 delectu,
980 2560 1015 2620 et
1033 2555 1156 2638 insigni
1171 2572 1285 2619 earum

180 2654 349 2737 cogitandi
370 2655 592 2740 loquendique
614 2659 828 2740 proprietate,
853 2657 991 2722 mirifice
1011 2656 1182 2722 delectat⁹
1224 2654 1287 2720 Ju-

178 2755 307 2819 venalis
338 2758 464 2840 saepius
493 2756 646 2823 docentis
667 2762 726 2827 aut
755 2759 972 2825 declamantis
1002 2763 1114 2842 partes
1139 2756 1287 2834 sustinet,

180 2868 280 2944 qnam
300 2859 386 2923 alios
410 2860 638 2944 colloquentes
651 2860 798 2926 inducit:
820 2862 920 2947 huJ‘us
933 2844 1052 2928 'umen
1073 2859 1153 2923 artis
1175 2857 1287 2923 Hora·

176 2960 279 3025 'tianae
301 2959 465 3026 defectum
486 2967 681 3047 compensat
700 2964 953 3028 vividisrerum
974 2962 1189 3045 imaginibus,
1213 2978 1287 3024 sen-

178 3062 352 3127 tentiamm
369 3064 505 3129 veritate
527 3070 560 3129 et
579 3066 754 3149 gravitate,
783 3066 1005 3149 dictionisque
1028 3063 1284 3149 proprietate·-

180 3159 236 3229 An
250 3163 370 3229 iisdem
386 3164 508 3249 politis,
525 3164 585 3232 sed
604 3186 626 3231 a
647 3167 769 3253 Persio
783 3172 816 3233 et
836 3167 1000 3233 Iuvenale
1023 3166 1161 3250 saepius,
1182 3183 1285 3248 quam

181 3265 224 3329 ab
239 3263 397 3345 Horatio,
408 3267 522 3333 induci
533 3269 640 3334 solent
653 3268 846 3348 adventu,
860 3289 902 3333 ne
916 3268 995 3334 ficto
1008 3267 1142 3356 quidem
1154 3265 1288 3331 nomine

180 3365 336 3450 insigniti.
393 3367 481 3447 Quae
505 3390 559 3436 ars
579 3392 644 3436 uon
666 3376 728 3450 est,
750 3373 841 3456 quod
867 3371 965 3435 nobis
990 3370 1186 3455 displiceat:
1209 3387 1287 3433 nam

180 3470 346 3553 pulchrior
368 3476 419 3535 est
442 3472 554 3554 imago
578 3478 612 3537 et
634 3471 815 3550 efficacior,
838 3492 915 3557 quae
938 3472 1093 3557 personis
1116 3471 1286 3535 animatur.

181 3570 359 3639 Enimvero
374 3574 479 3639 multa
493 3581 670 3640 occurrunt
683 3577 770 3653 loca,
786 3576 821 3640 in
843 3575 968 3661 quibus
990 3593 1058 3639 nou
1079 3574 1162 3638 satis
1182 3571 1289 3637 mani·

182 3673 285 3739 festus
299 3680 351 3740 est
372 3674 537 3760 dialogus,
552 3679 585 3741 et
605 3678 639 3741 in
662 3677 764 3741 dubio
777 3672 933 3761 positum,
947 3681 1059 3741 utrum
1079 3675 1192 3751 verba,
1208 3689 1287 3758 quae

182 3775 341 3858 legrmtur,
351 3776 418 3841 sint
428 3778 611 3844 adversarii
624 3777 751 3862 aliquid
759 3766 974 3863 opponentis,
984 3798 1027 3842 an
1035 3775 1146 3864 poetae
1161 3776 1287 3842 ironice

185 3874 511 3962 loquentis-Quod
532 3879 577 3945 ad
598 3881 760 3966 epistolas
783 3879 909 3958 attinet,
923 3878 1121 3945 Horatianae
1143 3877 1289 3943 maximo

684 4066 792 4121 NOTAE

191 4238 198 4250 .
256 4258 261 4269 ,
388 4197 587 4249 9V.ll¹iela'nd
605 4200 639 4250 ad
656 4199 1049 4255 HoratSat.1r.t.3.4.et5.
1092 4244 1094 4247 .
