3059 4925
586 417 812 476 suasurus.
1208 403 1252 473 85

147 572 334 640 etsltt'mom
351 572 483 660 AEgppu
494 581 614 658 portem
629 572 687 638 alii
702 571 745 638 dc
767 570 945 655 Pentapoli
966 576 1177 657 acceperunt,
1192 572 1251 639 alii

147 680 188 745 dc
205 677 318 745 Oasis.
363 678 491 758 Praeter
503 677 577 742 baec
592 677 704 740 omnia
718 673 916 740 iuvenalem
930 694 996 739 non
1016 676 1117 740 ivisse
1130 678 1166 741 in
1179 679 1251 743 exi·

146 783 229 845 lium
243 782 445 865 temporibus
459 779 653 858 Domitiani,
665 778 844 863 quemlibet
857 777 976 843 idoneo
989 783 1072 843 teste
1086 781 1264 863 potentius·

146 885 270 954 evincit
284 884 461 962 Martialis,
476 884 535 967 qui
550 883 672 948 fibellils
690 882 757 946 illis
773 880 1066 966 epigrammatum,
1081 901 1167 966 quos
1190 885 1253 950 snb

147 986 344 1051 Domitiano
365 988 512 1071 scripsit,
526 987 710 1071 frequenter
723 984 920 1052 Iuvenalem
942 984 1132 1067 compellat,
1156 988 1253 1070 quasi

147 1088 183 1151 in
201 1086 290 1152 Urbe
304 1094 379 1152 tuuc
396 1108 471 1152 cum
491 1091 638 1153 maxime
661 1093 821 1171 agentem,
845 1086 900 1150 cui
914 1091 949 1151 et
961 1105 1064 1150 nuces
1087 1089 1188 1153 mittit
1200 1106 1253 1154 sa-

67 1243 72 1248 .
145 1190 416 1256 mmaliciasiib.
432 1207 499 1254 vu.
513 1207 566 1275 ep.
580 1187 636 1258 91.
682 1187 876 1255 Pertendere
895 1188 1021 1273 aliquis
1048 1191 1147 1254 etiam
1174 1210 1254 1276 pos·

147 1298 212 1371 set,
237 1293 302 1357 sub
324 1293 475 1377 Trajano
503 1295 625 1378 potins,
654 1307 754 1378 qnam
781 1292 845 1356 sub
877 1291 1050 1358 Hadriano
1074 1294 1254 1377 relegatum

146 1394 262 1461 tuisse.
306 1397 373 1462 Sed
386 1396 469 1463 illud
483 1397 718 1482 impedimento
733 1401 795 1474 est,
818 1396 909 1481 quod
925 1404 1110 1481 postremas
1132 1397 1254 1462 satiras

148 1499 355 1584 scriptitasse
369 1519 444 1566 eum
466 1503 531 1566 sub
556 1499 733 1567 Hadriano
759 1506 902 1565 constat.
945 1499 1123 1565 Suetonius
1145 1506 1254 1565 antem

147 1602 275 1682 serint,
289 1602 376 1666 intra
391 1603 598 1669 brevissimum
614 1615 732 1689 ternpm
745 1602 880 1689 periisse,
889 1607 1068 1687 postquam
1082 1604 1117 1668 in
1129 1603 1256 1689 AEgyp·

148 1714 217 1772 turn
231 1708 358 1772 missus
370 1715 430 1789 est,
446 1710 561 1794 ibique
575 1709 689 1774 statim
704 1707 855 1796 languore
869 1727 906 1770 oc
920 1705 1011 1770 radio
1026 1706 1122 1771 eitam
1133 1704 1256 1791 finisse,

149 1810 240 1894 qnod
263 1818 329 1876 nori
352 1812 472 1878 mirum
497 1817 547 1877 est
571 1809 862 1895 deoetogenario.
908 1810 1045 1875 Falsum
1070 1817 1122 1875 est
1145 1809 1256 1893 igitur,

150 1911 244 1995 qued
266 1912 367 1980 tradit
380 1923 477 1982 vetus
497 1917 671 2000 interpres,
693 1915 833 2000 poetam
855 1917 889 1979 in
911 1914 1015 1978 exilio
1037 1914 1156 1979 satiras
1178 1931 1256 1978 suas

150 2020 396 2101 composuisse3
419 2026 521 2105 atque
534 2020 584 2084 ibi
600 2020 786 2085 etiamtum
800 2017 918 2094 titisse,
944 2036 1021 2080 curn
1045 2021 1179 2106 propter
1202 2034 1257 2079 su·

150 2121 379 2203 perstitionum
394 2121 614 2187 diversitatem
629 2121 776 2187 Ombitae
791 2127 825 2186 et
846 2119 1028 2205 Tentyritae
1049 2118 1259 2183 internecivis

151 2219 304 2290 cadurs
318 2241 392 2288 sese
405 2226 546 2290 invicem
568 2225 798 2290 contuderunt:
822 2209 917 2307 quasi
933 2242 954 2287 a
968 2222 1170 2304 temporrbus
1186 2221 1259 2288 Do-

149 2325 278 2389 mitiani
293 2343 400 2410 usque
425 2326 468 2393 ad
483 2328 578 2393 initia
594 2327 760 2393 Hadriani
775 2326 908 2410 imperii
922 2326 956 2389 in
979 2325 1082 2391 exilio
1099 2343 1162 2389 suo
1184 2345 1259 2410 per⁶

151 2430 307 2492 manserit
321 2435 420 2514 atque
435 2432 535 2497 etiam
550 2429 679 2495 obierit.
708 2427 812 2509 Quod
834 2430 923 2493 enim
937 2427 1019 2494 dicit
1033 2429 1121 2493 inea
1136 2427 1259 2508 Satira,

151 2535 226 2607 (xv.
242 2529 317 2617 Ab.)
338 2544 480 2599 stolatam
494 2533 565 2614 sibi,
579 2536 741 2600 barbaras
762 2535 914 2598 nationes
928 2532 1108 2616 superioris
1122 2532 1260 2617 AEgypti

152 2635 286 2700 luxurie
299 2654 367 2701 non
382 2637 497 2703 cedere
510 2636 684 2723 Canopitis
697 2644 730 2703 et
741 2635 992 2714 Alexandrinis,
1005 2635 1072 2701 boc
1085 2655 1151 2701 non
1162 2635 1260 2702 refer·

135 2736 297 2802 *ridebet
310 2738 354 2803 ad
367 2738 449 2803 illud
463 2747 606 2825 tempus,
622 2756 690 2825 quo
704 2738 849 2805 satiram
870 2758 946 2802 eam
967 2738 1143 2816 scribebat,
1162 2738 1260 2823 quasi

27 2902 28 2909 ,
153 2839 188 2902 in
201 2856 238 2905 ro
252 2842 409 2925 praesenti
422 2847 499 2906 tmrc
512 2841 621 2920 inerit,
631 2861 707 2907 cnm
721 2862 764 2907 ea
778 2846 868 2924 gesta
883 2844 971 2919 sunt,
986 2858 1062 2924 quae
1078 2840 1125 2904 ibi
1139 2839 1261 2904 descri-

154 2941 214 3008 bit.
260 2941 397 3027 Qffl'ppss
425 2942 548 3010 Romae
577 2945 736 3029 scriptam
761 2963 837 3008 esse
859 2944 964 3008 multa
988 2946 1139 3025 arguunt.
1185 2940 1261 3006 Nec

154 3058 268 3110 rursus
281 3044 325 3108 ad
338 3044 375 3109 id
388 3050 521 3128 tempus
533 3046 702 3111 referenda
715 3045 878 3125 ridentur,
902 3064 968 3131 quo
982 3045 1024 3140 in*
1032 3042 1171 3130 AEgypti
1184 3062 1261 3129 par·

27 3158 28 3233 ξ
155 3146 421 3211 temrdtlmama
440 3146 629 3214 Domitiano
643 3147 924 3227 missnmrolunt,
940 3146 1030 3232 quod
1049 3164 1185 3231 prorsus
1199 3145 1262 3210 ial-

27 3262 28 3267 ’
155 3264 230 3312 snm
243 3266 317 3313 esse
331 3248 546 3315 comunis.
589 3249 646 3317 An
667 3266 734 3315 non
757 3248 826 3315 alio
848 3257 1001 3334 tempore
1011 3255 1111 3334 atque
1132 3249 1200 3314 alia
1221 3249 1263 3314 de

155 3370 261 3416 csusn
286 3352 469 3437 AEgyptrun
493 3350 630 3417 lustrare
651 3352 786 3437 juvenis
811 3354 919 3437 potuit
940 3352 1137 3418 Juvenalist
1161 3352 1263 3416 animi

27 3450 29 3475 ¹
155 3466 271 3539 nempe
286 3454 393 3537 gratia
418 3454 467 3517 nat
490 3457 539 3530 τῆς
562 3451 685 3540 ἱστορίας
697 3450 801 3540 χάριν,
827 3459 864 3519 ut
887 3454 985 3518 urbes
1007 3452 1149 3536 regionis
1170 3453 1262 3517 illius

157 3555 420 3640 populorumque
433 3572 542 3621 mores
557 3558 793 3639 cognoscereti
835 3555 931 3621 Tunc
945 3554 986 3619 de
999 3556 1131 3620 luxurie
1147 3553 1263 3619 Ombi-

157 3664 264 3725 tarum
288 3663 323 3723 et
351 3659 594 3745 Tentyritarum
622 3679 665 3725 ea
692 3660 869 3738 notaverit,
899 3679 975 3744 quae
1003 3658 1127 3723 ibidem
1155 3656 1262 3722 refert

157 3763 253 3830 Certe
276 3764 410 3848 scriptis
432 3765 584 3829 omnibns
616 3764 726 3829 satiris
750 3769 785 3828 ct
810 3763 991 3848 publicatis
1018 3761 1264 3846 octogenarium

157 3868 299 3952 ejecm
314 3866 405 3931 Urbe
418 3867 454 3931 in
468 3867 652 3951 AEgyptum
671 3866 778 3930 inisse
801 3882 862 3950 per
876 3866 1021 3950 speciem
1032 3864 1179 3941 honoris,
1201 3862 1264 3926 ibi·

158 3984 223 4053 qne
237 3970 325 4034 intra
344 3969 574 4036 brevissimum
587 3976 719 4054 teinpus
738 3968 845 4034 taedio
858 3966 998 4054 periisse
1013 3964 1171 4031 Suetonio
1192 3982 1262 4031 ore·

160 4070 314 4137 dandum¹
614 4077 616 4081 ’
