3059 4925
243 352 310 421 216
612 378 649 433 n.
662 376 768 427 suun
789 374 1001 427 turnusurs

243 513 344 580 Nunc
359 515 446 580 sacri
460 517 559 583 fontis
573 538 702 599 nemus,
716 526 748 587 et
762 522 898 588 delubra
910 525 1062 590 locantur

241 616 385 696 Judaeis,
399 639 541 703 quorum
556 623 730 707 cophinus,
745 626 936 711 foenumqae
951 628 1114 712 supellex.

242 718 362 785 Omnis
374 723 460 785 enim
472 725 598 808 populo
611 727 797 793 mercedem
810 729 953 812 pendere
962 733 1060 816 jussa
1073 737 1126 797 est
1300 731 1344 796 15

241 818 363 899 Arbor,
378 827 412 887 et
425 824 541 908 ejectis
555 827 720 894 mendicat
734 831 820 895 silva
831 829 997 896 Camenis,

242 921 283 989 Iu
296 925 419 989 vallem
432 928 578 1011 AEgeriae
593 932 835 1008 descendimus,
850 940 884 999 et
898 937 1074 1018 speluncas

244 1023 434 1093 Dissimiles
449 1034 547 1098 veris.
591 1033 726 1112 Quanto
740 1038 957 1118 praestantius
978 1045 1070 1103 esset

241 1176 330 1226 merati
335 1178 424 1242 satir,
432 1196 460 1231 oc
469 1180 532 1242 saraa
541 1187 744 1236 necennensium
752 1187 854 1249 dardeis,
863 1203 961 1250 quorum
978 1188 1134 1251 supeltectilia
1149 1194 1210 1238 sunt
1224 1192 1313 1252 sporta,
1321 1193 1348 1238 st

242 1237 337 1292 aaa
365 1247 427 1294 Nam
435 1247 537 1309 magula
551 1249 769 1310 arboresisbcntsr
783 1253 888 1314 pretium
903 1253 973 1304 Plebi
988 1255 1084 1315 alme,
1094 1259 1165 1316 atquc
1174 1253 1349 1316 nemmstipen

242 1311 312 1367 rogat
326 1311 434 1372 captiuis
449 1313 535 1361 Musis.
575 1315 606 1362 ln
623 1330 679 1364 earn
696 1315 803 1376 AEgcrioe
815 1318 900 1366 satiem
915 1319 1057 1379 devenimus,
1073 1323 1098 1367 et
1113 1319 1139 1367 in
1153 1332 1234 1382 specus
1242 1319 1350 1382 dispares

241 1373 398 1424 moratu.
431 1374 469 1427 At
482 1393 550 1440 quom
560 1379 714 1440 meliussoret
723 1381 910 1446 Nuaueasoatis,
919 1384 941 1432 si
949 1398 1050 1445 gram
1059 1383 1159 1434 mutiet
1169 1399 1241 1448 opaca
1250 1385 1304 1446 ripa
1313 1384 1350 1431 oi·

707 1510 735 1529 Ν
738 1510 885 1530 aennon&

242 1577 301 1643 bat)
310 1596 379 1646 conj.
391 1587 527 1639 Dorleans.
559 1592 616 1654 Ego
628 1592 713 1654 potius
724 1607 772 1656 pro
785 1594 845 1654 Hic,
856 1593 925 1658 quod
940 1593 1051 1643 alienum
1063 1593 1166 1642 ridetur
1174 1591 1208 1642 ab
1217 1593 1241 1641 h.
1253 1592 1272 1640 l·
1284 1605 1350 1668 quc'·

242 1643 311 1694 niam
326 1648 400 1698 lucus
420 1651 469 1702 iste
489 1668 506 1702 a
522 1662 599 1719 porta
616 1658 722 1721 Capena
740 1659 901 1721 aliquantum
918 1659 1019 1717 aberat.
1037 1659 1177 1723 legendum
1192 1656 1350 1707 crediderim

244 1708 320 1773 Hinc,
328 1719 358 1762 ut
368 1728 458 1765 sensus
474 1719 521 1768 sit:
541 1720 610 1770 Hinc
622 1737 773 1786 progressus
784 1722 931 1772 Umbricius
944 1724 1061 1773 substitit
1071 1723 1202 1786 paululum
1218 1722 1252 1771 ad
1262 1722 1350 1771 lucum

244 1773 487 1832 Camenarum—15
512 1785 584 1833 Ornru
604 1792 645 1837 45.
673 1789 772 1850 populu
793 1792 834 1838 lo.
863 1789 951 1837 solvere
972 1803 1019 1851 pro
1038 1791 1140 1851 pendere
1157 1792 1198 1837 21.
1215 1791 1256 1836 22.
1273 1791 1351 1837 24.—

154 1848 159 1857 '
243 1841 277 1886 la
286 1840 402 1893 camonis
412 1847 530 1898 scribunt
546 1850 605 1899 alii:
629 1852 815 1917 nescioquam,
831 1867 889 1902 cum
901 1853 974 1917 origo
990 1854 1060 1902 vocis
1076 1867 1179 1929 prorsus
1195 1865 1241 1901 nos
1257 1852 1351 1915 lateat,

244 1908 273 1951 et
292 1912 380 1956 nostra
398 1911 529 1975 scriptura
549 1916 641 1978 majori
655 1916 754 1966 nitatur
765 1918 922 1967 auctoritate
941 1924 1059 1968 veterum
1070 1916 1134 1967 lrbb.
1153 1915 1244 1982 qulbus
1262 1922 1353 1971 tamen

242 1982 334 2030 parum
357 1972 383 2021 in
402 1974 442 2024 bis
458 1976 589 2028 fidendum
614 1987 663 2044 est,
684 1982 745 2045 quia
767 1981 941 2046 diphthongos
963 1997 1014 2031 non
1038 1982 1261 2046 exprimunt—ll
1278 1985 1351 2044 atque

241 2034 362 2095 speum
376 2042 418 2088 22.
436 2046 470 2090 ut·
482 2049 648 2094 succurratur
659 2045 728 2095 forte
747 2054 842 2109 metro,
858 2047 927 2112 quod
939 2055 1025 2096 tamen
1044 2047 1082 2097 ita
1101 2047 1186 2110 potius
1204 2046 1352 2095 laborat.-

243 2102 277 2147 18
294 2099 604 2168 Qamtoprmuasmet
615 2111 710 2161 Numen
720 2126 789 2176 aqua
799 2120 882 2176 recte,
900 2118 972 2177 puto,
989 2112 1090 2163 emend.
1106 2112 1198 2162 Heius.
1215 2111 1249 2160 ad
1268 2110 1350 2160 Ouid.

745 2226 852 2278 NOTAE

242 2317 321 2374 cepta
336 2311 395 2363 Diis
406 2316 593 2372 immortalibus
610 2324 689 2374 Sacra
702 2324 775 2376 iusti·
848 2329 880 2388 14
901 2325 1007 2382 Quorum
1020 2325 1140 2390 caplim,
1154 2323 1292 2387 smmi&
1309 2335 1352 2373 Ν·

241 2387 336 2437 suere)
812 2406 903 2473 peltes]
923 2405 999 2457 Adeo
1009 2420 1137 2473 pauperes
1146 2411 1230 2454 erant.

278 2468 308 2513 la
325 2465 479 2528 Soaifcutis
491 2473 583 2539 aenas]
603 2475 690 2527 Livius
697 2492 717 2528 1.
727 2478 774 2530 cit.
848 2490 878 2537 15
903 2486 1163 2549 Omsrissaimpopulo,
1179 2484 1231 2548 ipa]
1256 2481 1352 2532 Tauta-

241 2543 284 2589 21.
305 2541 409 2594 ‘Lucus
420 2548 496 2611 erat,'
507 2549 602 2615 inquit,
617 2553 712 2618 ‘quem
722 2570 775 2606 me·
814 2577 867 2627 que
882 2568 923 2612 est
934 2563 1044 2613 avaritia
1054 2562 1149 2626 Populi
1161 2559 1281 2624 Romani,
1292 2566 1323 2609 ut
1335 2575 1352 2609 a

243 2615 314 2667 dium
326 2633 361 2668 ex
370 2635 454 2685 opaco
464 2640 545 2689 specu
555 2626 613 2679 fons
624 2632 732 2694 perenni
742 2632 777 2681 ri·
815 2639 916 2689 miseris
936 2639 1025 2702 exigat
1052 2637 1178 2688 tributum
1198 2651 1246 2700 pro
1267 2635 1352 2692 sacris

243 2692 323 2757 gabat
345 2712 421 2761 aqua,
443 2715 493 2765 quo
518 2703 579 2767 quia
606 2718 634 2753 se
656 2721 775 2773 persaepe
811 2716 888 2776 locis,
898 2721 926 2765 et
937 2730 984 2780 pro
996 2714 1102 2779 singulis
1112 2711 1248 2764 arboribus
1263 2725 1352 2762 nemo·

242 2765 331 2821 Numa
341 2771 395 2822 siue
407 2776 512 2827 arbitris
524 2781 597 2832 velut
608 2784 641 2832 ad
656 2798 776 2849 congres-
816 2791 851 2841 ris
862 2793 947 2855 istius,
964 2807 1071 2857 quarum
1082 2791 1123 2841 vel
1134 2789 1226 2840 umbra
1237 2787 1300 2852 frui,
1310 2789 1353 2839 rel

243 2859 300 2894 sum
323 2848 390 2909 Deae
409 2851 547 2921 inferebat,
568 2857 696 2909 Camoenis
716 2876 775 2911 eum
816 2868 850 2917 ad
858 2883 922 2933 quas
929 2869 1049 2931 jumenta
1058 2868 1133 2931 ligari
1143 2864 1182 2915 fas
1194 2872 1243 2916 est.

242 2920 327 2972 locum
344 2929 469 2992 sacravit,
480 2932 548 2995 quod
559 2947 648 2984 carum
663 2935 699 2986 ibi
717 2952 777 2987 con·
849 2948 881 2994 16
899 2941 1024 2993 llIeudicot
1040 2942 1112 3007 ulva]
1141 2942 1290 3006 Metoaym·
1302 2955 1351 3005 1³¹0

242 2997 303 3049 cilia
310 3014 370 3051 cum
381 3007 492 3071 conjuge
502 3024 549 3058 sua
557 3010 663 3076 AEgeria
671 3014 776 3076 essent?
817 3021 967 3072 mendicant
976 3021 1120 3071 incolentes
1127 3020 1218 3070 silvam
1229 3019 1246 3071 J
1249 3019 1326 3069 udaei.

241 3072 318 3133 Idem
329 3076 411 3129 refert
421 3081 554 3138 Plutarch.
565 3084 593 3134 in
603 3087 665 3136 Vita
673 3089 776 3140 Numae.
849 3097 941 3158 &emis
971 3097 1091 3162 camena]
1136 3097 1238 3149 Quibus
1265 3097 1353 3147 Numa

275 3151 393 3217 Delubra]
428 3158 498 3209 Quid
516 3162 621 3225 proprie
646 3164 776 3229 deluimus,
817 3173 918 3238 pridem
940 3179 1106 3224 consecrarat
1126 3175 1223 3233 lucum,
1244 3173 1354 3238 fontem,

244 3223 324 3294 docet
339 3243 372 3278 ex
390 3230 507 3286 Varrone
527 3236 676 3289 Macrobius
691 3254 735 3291 111.
750 3247 777 3292 4.
817 3250 968 3300 delubrum:
986 3256 1015 3300 ut
1024 3250 1196 3302 moxeLivio
1206 3249 1327 3299 diximus.

243 3300 342 3353 ‘AEdes
354 3305 473 3357 nimirum
481 3325 540 3359 cam
553 3316 778 3383 areaest‚'iuquit‚
850 3330 882 3375 17
908 3326 939 3375 la
956 3326 1045 3377 Vallem
1058 3326 1167 3389 AEgerioe
1181 3323 1353 3388 ammaus]

242 3379 289 3428 ‘et
298 3379 367 3431 sicut
377 3382 449 3433 locus
461 3386 578 3437 candelae
585 3390 778 3459 candelabrum,
817 3401 903 3452 Ambo
922 3402 1072 3453 devenimus
1088 3418 1137 3467 ego
1157 3403 1306 3468 amicusque
1326 3402 1353 3452 iu

243 3454 280 3504 sic
293 3456 345 3505 Dei
356 3458 428 3508 locus
443 3460 597 3514 delubrum.'
621 3466 707 3517 Aliter
724 3484 778 3519 om·
814 3493 877 3534 ‘eum
899 3479 993 3542 lucum,
1012 3478 1045 3529 de
1067 3493 1118 3544 quo
1138 3493 1208 3543 mox,
1226 3485 1255 3529 et
1272 3478 1351 3528 ovid.

243 3530 304 3582 nino
315 3531 453 3599 Asconius,
463 3539 585 3603 ‘Templa
596 3543 673 3614 sunt‚'
685 3544 779 3612 inquit,
818 3555 918 3605 Pastor.
929 3568 972 3605 ru.
989 3555 1109 3619 ‘AEgeria
1124 3562 1166 3605 est
1181 3570 1240 3620 quae
1251 3554 1352 3620 prabet

241 3608 321 3658 ‘loca
329 3610 429 3675 singula
442 3615 499 3663 Diis
509 3618 649 3681 attributa;
668 3621 779 3673 delubra
818 3644 906 3695 aquas,
939 3631 1000 3680 Dea
1031 3637 1108 3694 grata
1136 3632 1271 3681 Camenis:
1301 3632 1352 3681 Illa

243 3700 306 3735 vero
327 3688 397 3738 aedes
424 3692 512 3742 multae
539 3694 586 3745 sub
609 3712 659 3747 uuo
687 3700 777 3752 tecto?
819 3707 912 3757 Numae
924 3707 1021 3771 conjux
1032 3708 1218 3773 consiliumque
1229 3708 1299 3759 fuit!

239 3762 336 3826 ,Festus
358 3763 545 3820 decorticatum
562 3787 608 3822 seu
622 3775 777 3828 delibratam
850 3783 978 3847 Speluncas
997 3784 1122 3834 dissimiles
1143 3785 1217 3849 narb]
1258 3785 1352 3836 Nona

242 3834 337 3887 fustem
350 3839 486 3893 delubrum
500 3849 597 3913 vocari,
607 3864 716 3917 eumque
727 3868 776 3918 pro
815 3866 909 3910 natura
920 3861 967 3910 sed
975 3866 1032 3910 arte
1044 3869 1183 3913 excavatas
1195 3878 1281 3928 rupes.

242 3914 303 3964 Deo
314 3918 413 3968 cultum
424 3918 501 3971 fuisse
513 3926 613 3978 scribit.
848 3941 880 3986 18
906 3937 1001 3993 Quanto
1022 3938 1181 4001 praestantius
1200 3947 1271 4007 emet,
1297 3945 1354 4011 dci]

273 3991 509 4061 Luconturdudaeis]
536 4002 623 4052 „ludaei
638 4005 775 4058 ueletiam
815 4014 901 4066 Quam
911 4020 1051 4077 prastaret
1061 4014 1197 4079 reliquisse
1208 4018 1286 4070 situm
1300 4020 1354 4072 loci

243 4065 536 4126 ChristianiDomitiani
544 4078 637 4129 Edicto
646 4081 710 4132 urbe
718 4086 775 4147 pul-
815 4090 968 4153 naturalem,
991 4090 1110 4141 nimirum
1134 4090 1192 4141 fons
1216 4100 1288 4145 esset
1309 4097 1353 4147 cui

242 4146 263 4226 si
277 4145 381 4195 inesse
394 4148 665 4220 locareceperunt‚et
678 4174 725 4224 pro
737 4162 774 4213 lo·
815 4165 938 4232 Nympha
947 4167 1118 4231 prasiderets
1137 4174 1165 4218 et
1171 4169 1228 4233 ripa
1235 4173 1353 4237 gramina

242 4219 343 4276 catione
352 4223 495 4275 mercedem
508 4230 633 4293 pendunt.
695 4299 698 4303 ι
767 4291 774 4298 ,
