3059 4925
249 331 321 398 1111
608 343 771 395 miurus
796 342 1010 394 sursusms

300 490 380 574 lpse
395 488 466 554 dies
482 488 619 572 pulchro
633 474 843 570 distinguitis
851 486 966 555 ordine
980 503 1107 551 rerum:

257 590 426 678 Sportula,
441 590 558 655 deinde
571 590 692 667 surum,
709 589 860 674 jurisque
874 589 1001 673 peribis
1016 585 1156 671 Apella,

257 695 369 781 Atque
384 693 611 778 triumphales,
625 694 709 758 iuter
723 711 808 776 quas
821 711 924 757 ausus
937 691 1060 757 habere
1213 760 1218 767 ,

257 798 384 864 Nescio
399 798 474 882 quis
487 797 601 863 titrrlos
615 796 806 880 AEgyptius,
821 799 920 879 atque
934 791 1155 869 Arabarches
1297 789 1362 856 lm

256 999 363 1049 amdan
371 999 487 1062 pretim
496 1011 575 1047 reram
590 997 760 1048 emissenam.
793 996 882 1047 Primo
899 997 1021 1058 sportula,⁸
1037 991 1215 1058 perteaforum,
1226 995 1250 1038 a
1262 985 1367 1038 Psote

252 1064 317 1125 juris
326 1077 426 1126 gnarus,
441 1078 470 1112 ae
481 1062 649 1128 triumphales:
673 1063 736 1112 inter
756 1076 814 1126 qaas
834 1059 979 1124 nescioquis
996 1075 1028 1109 ex
1043 1060 1160 1123 AEgppto,
1175 1060 1199 1105 et
1217 1051 1367 1105 Arabarches

722 1203 900 1227 eumenen

256 1320 344 1371 elasam
353 1325 393 1371 17.
406 1325 430 1370 et
440 1321 520 1371 ullus
527 1334 559 1436 pr
580 1320 677 1383 coniuge
686 1323 919 1371 clementie-12⁷
927 1318 1001 1368 multo
1010 1330 1058 1380 pro
1072 1313 1169 1381 paleira
1176 1314 1302 1363 uu-lso
1310 1324 1368 1374 piros

258 1389 298 1436 16.
305 1391 349 1436 art
359 1398 406 1453 pto
417 1391 486 1450 atoue
496 1391 523 1436 7.
549 1390 574 1436 4.
584 1391 625 1437 15.
635 1390 675 1436 19.
683 1391 769 1437 1124.
776 1390 818 1437 50.
827 1384 960 1436 Arabarees
968 1387 1008 1433 21.
1016 1385 1057 1432 21.
1067 1385 1107 1431 st.
1115 1384 1156 1430 uo.
1165 1383 1205 1429 65.
1216 1375 1368 1428 Ambracius

573 1502 577 1510 r

756 1530 867 1584 Nouis

253 1637 346 1689 excita
368 1638 552 1704 quiescentem,
572 1655 605 1690 ne
625 1642 790 1704 languentem
830 1640 878 1691 Jus
888 1637 1048 1688 reddebatur
1059 1633 1156 1685 ibidem
1165 1632 1192 1682 in
1204 1629 1315 1695 Augusti
1327 1627 1369 1680 fo·

258 1728 323 1777 euge
335 1713 548 1779 capatproferre,
556 1723 583 1765 et
591 1718 658 1766 male
669 1715 790 1766 affectum
830 1731 869 1780 ro,
880 1717 925 1766 ubi
943 1715 1072 1780 Apollinis
1088 1712 1174 1764 dtatua
1185 1711 1310 1772 eburnea,
1322 1723 1370 1759 cu·

257 1803 470 1856 corpusvexare.
502 1793 623 1842 Diximus
641 1807 719 1858 supra
737 1794 790 1843 lee-
824 1798 869 1862 jus
896 1797 1013 1849 meminit
1039 1794 1110 1843 Plin.
1138 1800 1193 1843 tum
1211 1789 1284 1851 alibi,
1302 1801 1370 1843 eum

258 1866 338 1917 ticam
347 1865 425 1917 fuisse
437 1865 493 1918 asni
505 1868 576 1919 vario
596 1877 625 1920 et
642 1870 790 1933 multiplici,
830 1878 871 1923 86.
890 1880 914 1924 5.
949 1873 1026 1922 Unde
1037 1872 1133 1921 Horat.
1150 1870 1204 1918 Sat.
1216 1881 1237 1917 1.
1254 1880 1294 1915 vs.
1306 1863 1370 1930 ulti·

258 1942 322 1992 etin
333 1958 364 1992 ea
382 1943 534 2007 dispositum
554 1946 683 2009 pulvinar,
700 1946 789 2011 inquo
831 1966 883 2013 mo,
899 1951 959 2001 ‘Sic
966 1964 1008 1999 me
1016 1948 1131 1999 servavit
1142 1943 1255 2009 Apollo?

258 2018 420 2083 recumbere,
429 2027 454 2070 et
467 2022 600 2085 quiescere
611 2023 716 2074 licebat.
864 2030 912 2075 129
932 2022 1105 2088 Triumphales]
1119 2022 1172 2071 Ubi
1181 2025 1209 2069 et
1217 2023 1310 2069 statuas
1320 2016 1372 2069 tri·

290 2100 337 2145 127
354 2098 409 2160 Ipse
419 2097 481 2162 dies]
498 2099 541 2147 De
549 2095 705 2150 dienmurali
714 2109 742 2152 et
750 2116 790 2150 ar·
830 2105 963 2167 umphales
982 2109 1079 2151 ereotae
1099 2098 1204 2149 summis
1225 2095 1289 2145 viris
1307 2098 1371 2157 post

256 2171 355 2222 tifieiali
366 2172 424 2224 fuse
437 2176 591 2225 disseremus
602 2178 635 2227 ad
647 2177 733 2227 Persii
745 2178 789 2227 Sa·
830 2179 957 2228 victorias
969 2185 997 2229 et
1014 2172 1141 2242 preclare
1159 2179 1248 2238 gesta:
1266 2172 1294 2220 in
1312 2182 1372 2221 ror-

257 2250 302 2301 tir.
313 2255 338 2301 a.
349 2267 387 2302 rs.
398 2257 423 2301 4.
786 2241 789 2247 ¹
818 2247 1347 2316 -rrisntmirummtmonetvernssenol.

290 2328 394 2377 Palclrro
404 2329 561 2392 distinguitur·
573 2331 666 2395 ordisse]
685 2332 789 2381 Ironiee
863 2335 912 2380 lbd
928 2325 1317 2392 Nescioqaumntorffigppttm,
1329 2329 1370 2377 ab·

257 2403 314 2452 lroec
322 2402 394 2452 dicit.
427 2406 522 2455 Semne
541 2414 598 2456 est:
615 2407 727 2471 primum
746 2409 790 2457 cli·
830 2422 875 2473 que
883 2405 1043 2469 Atabarultes]
1059 2405 1108 2452 Vel
1117 2401 1304 2468 carpinnelle
1314 2416 1371 2467 (1110

258 2486 333 2530 entes
343 2496 417 2531 mane
428 2484 587 2533 conveniunt
599 2484 632 2532 ad
643 2485 790 2534 salutandos
829 2490 923 2534 anteat
941 2484 993 2546 rel,
1016 2489 1046 2531 ut
1065 2481 1122 2541 uult
1139 2478 1238 2529 Aleiat.
1251 2478 1374 2529 Praeter·

258 2564 390 2620 patronos,
400 2567 431 2609 ut
442 2560 553 2609 diximus
565 2567 643 2610 antea
654 2561 687 2610 ad
697 2575 737 2611 vs.
748 2563 790 2612 96.
830 2560 900 2609 miss.
915 2559 933 2606 l.
947 2564 971 2608 l.
994 2556 1112 2607 ‘liberius
1131 2553 1235 2619 qnidam
1253 2553 1374 2605 Alem-

258 2640 286 2683 et
296 2643 388 2698 rogant
398 2638 539 2699 sportulam
551 2637 584 2686 de
603 2652 655 2702 qua
664 2638 719 2702 jesu
738 2653 791 2688 nou
831 2635 886 2699 der,
904 2633 1053 2698 AEgyptius,
1071 2632 1230 2697 AEgyptique
1240 2631 1375 2694 saberna-

255 2711 346 2760 sentel.
379 2712 493 2762 Martisl.
504 2712 581 2777 Epig.
593 2719 665 2765 sus.
683 2715 792 2763 ‘Prima
831 2718 888 2763 tor:
906 2714 939 2762 de
950 2727 1002 2777 quo
1013 2713 1098 2761 Tacit.
1117 2711 1220 2760 Hister.
1238 2719 1257 2759 ι.
1275 2710 1373 2764 etEt-

258 2786 401 2837 salutantes
411 2794 489 2855 atque
498 2791 582 2840 altera
593 2793 709 2842 eontinet
718 2792 790 2856 hora,
831 2790 884 2838 seb.
905 2790 923 2840 l.
944 2803 975 2839 11.
1016 2786 1139 2838 Aderant
1159 2786 1204 2836 alii
1222 2785 1374 2849 leseplsam

257 2862 373 2936 Exercet
382 2879 473 2915 raucos
484 2868 563 2917 tertia
572 2868 730 2918 Causidicos.
757 2869 791 2917 In
830 2865 981 2916 Judaeorum
995 2867 1107 2925 Dueeur,
1126 2864 1168 2913 otri
1184 2861 1374 2924 triumphalem

258 2940 374 3003 quintam
385 2944 469 2992 varios
480 2944 599 2994 extendit
619 2945 702 2994 Roma
721 2945 791 2995 labo·
832 2947 945 2991 statuam
956 2942 1130 3007 Vespasianus
1151 2940 1245 3001 erexit,
1261 2937 1298 2989 oh
1319 2939 1374 2990 ris·

258 3029 309 3065 res.
342 3018 421 3067 Sexta
432 3021 506 3083 quies
517 3021 601 3082 bessis,
613 3023 722 3085 septima
732 3022 791 3071 duis
831 3027 924 3084 tutem,
933 3027 961 3071 et
970 3021 1111 3086 ingenium.
1144 3018 1362 3068 ExD.llieron.

257 3093 316 3143 erit.
343 3094 445 3144 Sufficit
461 3097 487 3144 in
498 3110 590 3145 nonam
599 3097 688 3146 nitidis
699 3106 793 3148 octava
867 3097 968 3160 bibulos]
986 3095 1283 3161 Effipiemcunrelogio,
1339 3141 1343 3146 ,

257 3170 403 3233 palaestris,
427 3172 545 3235 Imperat
565 3180 698 3223 extruetur
723 3174 791 3224 fran·
863 3174 1002 3238 AEgypttru,
1019 3179 1091 3238 atque
1111 3170 1273 3233 ambesus]
1302 3170 1374 3226 Haec

258 3259 319 3307 gere
336 3260 403 3295 nona
420 3248 518 3297 thoros.
552 3250 625 3299 Hora
645 3250 791 3301 libellorum
831 3251 883 3301 duo
910 3252 1014 3301 videtur
1041 3250 1127 3300 Poeta
1148 3249 1277 3313 junxisse,
1298 3247 1375 3299 sient

258 3321 428 3372 decimuest?
831 3329 976 3393 cunjuncta
996 3335 1057 3378 saut
1068 3328 1187 3391 regiones
1198 3324 1331 3389 AEgyptrrs
1342 3331 1374 3375 et

291 3402 339 3448 128
356 3400 450 3449 Deinde
455 3399 548 3464 soram]
564 3403 791 3455 DeindeaCiiem
831 3406 939 3457 Arabia.
1284 3435 1287 3440 ⁴
1346 3423 1352 3436 ’

256 3474 327 3523 tibus
344 3476 450 3525 Patroni
470 3476 634 3527 deducuntur
653 3480 687 3529 ad
698 3480 791 3543 samm,
862 3482 1021 3546 Arabarches]
1039 3484 1136 3532 Locum
1153 3481 1220 3529 huuc
1239 3489 1320 3543 egere
1333 3480 1376 3530 la·

258 3550 303 3599 nbi
325 3554 450 3615 templum
471 3554 598 3617 Apollinis
622 3555 746 3621 Palatini,
763 3564 792 3607 et
831 3562 1025 3612 enbratiouibua
1038 3558 1375 3611 Grammaticorumaduro-

256 3626 387 3690 Imagines
398 3629 614 3693 triumphantibus
624 3632 726 3694 positae.
831 3644 878 3687 net
888 3637 1003 3688 Turneb.
1020 3649 1110 3686 xxvii.
1125 3642 1167 3687 25.
1184 3636 1228 3685 ubi
1239 3642 1268 3684 et
1279 3636 1374 3699 legeu-

291 3705 392 3768 Famm]
409 3707 486 3758 Quod
501 3721 595 3770 nempe
612 3708 719 3758 tertium
731 3709 792 3758 redi-
831 3714 891 3763 dum
903 3719 988 3778 putat,
1004 3728 1064 3763 cnm
1080 3712 1208 3763 nonnullis
1226 3712 1372 3764 Godieibas

256 3778 347 3829 ficarit
357 3780 569 3845 Augustus,cum
585 3783 636 3831 duo
651 3797 701 3832 non
720 3784 790 3836 snffi-
830 3797 910 3856 atque
922 3789 1091 3849 Auctoribus,
1102 3791 1254 3850 Atalanta,
1270 3787 1318 3853 qui
1329 3785 1373 3837 Ar·

257 3866 350 3910 nerent
362 3860 489 3909 homiuum
501 3868 529 3909 et
535 3861 693 3926 judiciorum
704 3864 790 3913 multi·
831 3870 882 3918 erit
894 3867 1060 3917 Alexandriae
1075 3868 1248 3931 Magistratus
1263 3864 1374 3928 qnidam

257 3934 352 3986 11111111·
384 3935 492 3985 81111011·
504 3950 529 3985 0·
540 3939 582 3985 20·
829 3943 930 3995 Judaeis
940 3942 1124 3993 Alexandrinis
1133 3940 1298 4006 praepositus,
1310 3953 1374 4004 pro·

289 4011 406 4075 darioque
424 4012 517 4075 peritae
534 4012 628 4076 Apollo]
664 4014 705 4062 Au
730 4014 791 4081 qula
829 4020 928 4085 batque
938 4035 971 4069 ex
982 4020 1113 4084 vJaeuplro,
1131 4020 1189 4067 Bel.
1207 4015 1270 4068 lud.
1291 4027 1373 4065 nst.

256 4087 329 4156 Juris
343 4089 433 4150 civilis
448 4089 638 4140 Bibliothecam
657 4091 790 4155 Augustus
831 4101 854 4146 3.
866 4103 894 4146 et
908 4103 932 4146 5.
966 4094 1020 4144 Alii
1031 4103 1118 4145 tamen
1134 4093 1248 4142 retiuent
1264 4103 1371 4154 rooem,

257 4162 393 4216 dedicarat
403 4166 506 4224 inAEde
522 4166 651 4233 Apollinis
668 4169 791 4233 Palatini,
830 4171 994 4244 Arabpreteu
1010 4178 1090 4237 atque
1098 4169 1319 4235 interpretantur,
1331 4166 1371 4220 A·

258 4241 338 4295 nteit
352 4248 427 4296 vetas
444 4245 533 4297 solsol.¹
563 4243 705 4311 Aapotius
720 4244 791 4311 qnod
830 4248 911 4300 rabie
928 4246 1100 4315 Pressuram,
1118 4253 1166 4299 ant
1184 4245 1371 4310 Publicanum,
