3059 4925
633 370 771 422 saulus
794 372 844 422 Vl.

232 514 350 600 Nupta
365 516 514 582 Senatori
530 520 687 585 comitata
701 526 753 584 est
768 511 901 604 Hippia
916 519 1059 585 Indiam

177 616 244 709 ⁸Ad
259 619 404 698 Pharon,
420 627 452 684 ot
467 621 593 700 Nilum,
607 623 803 706 famosaque
817 626 943 687 moenia
957 624 1052 706 Lagi,
1071 667 1076 674 ·

188 720 349 803 Prodigia
362 730 394 786 et
408 743 516 788 mores
536 722 634 788 Urbis
650 724 828 790 damnante
843 725 996 810 Canopo.

188 822 366 887 Immemor
379 824 439 887 illa
453 824 580 903 domus,
597 833 630 891 et
644 827 807 910 conjugia
821 834 921 911 atque
936 830 1073 906 sororis,
1247 828 1291 895 85

188 923 249 987 Nil
262 924 380 1006 patriae
396 924 552 1006 indulsit3
575 927 810 1012 plorantesque
823 929 977 1013 improba
991 938 1098 1010 natos,

188 1023 300 1109 thue
312 1015 418 1110 magis
433 1028 695 1110 stupeae,'ludos
710 1029 932 1115 Paridemque
947 1033 1090 1117 reliquit.

185 1195 265 1241 uesta
276 1195 310 1239 erl
321 1192 439 1241 ludium
449 1194 479 1241 ud
490 1193 606 1253 Piorum,
619 1208 648 1243 ae
664 1193 757 1257 Nilum,
774 1200 798 1243 et
815 1196 921 1257 {migra
936 1197 1001 1259 Lagi
1018 1214 1105 1261 muros,
1124 1200 1218 1265 Canopo
1235 1218 1289 1252 ere·

187 1261 269 1306 munte
275 1262 388 1320 portentu
397 1272 515 1320 meoque
525 1258 632 1307 cioimtie
642 1260 742 1308 Roma.
776 1260 817 1308 Eu
826 1259 931 1320 seruilia
947 1263 1029 1325 oblito,
1046 1270 1069 1311 et
1085 1266 1177 1327 mariti,
1195 1272 1219 1315 et
1235 1284 1292 1329 ger-

187 1334 270 1384 munoe,
288 1335 432 1386 noemma
447 1322 534 1385 putria
548 1324 670 1387 pepercit:
687 1329 758 1387 otproe
774 1327 873 1374 melerta
888 1328 992 1375 desemit
1003 1329 1071 1394 filios
1086 1332 1250 1394 lacrymantes,
1268 1340 1292 1382 et

186 1387 247 1448 quod
259 1386 314 1451 plur
329 1386 424 1450 orirere,
440 1390 570 1451 specim
586 1392 609 1436 et
626 1387 751 1438 Paridem.
789 1391 825 1440 st
841 1394 951 1454 peamau.
963 1398 992 1441 et,
1006 1395 1099 1457 plerum
1112 1399 1220 1459 parentis
1236 1399 1291 1446 cnl-

652 1515 835 1540 cenoman«

187 1601 227 1648 ao.
250 1601 292 1647 rr.
326 1598 400 1663 rapu
422 1603 463 1648 ar.
488 1574 585 1663 'appu
606 1602 646 1648 ss.
678 1599 759 1648 turum
780 1604 821 1648 ro.
845 1605 885 1650 rr.
909 1606 992 1652 ιιι-ιτ.
1015 1571 1100 1654 roos,
1121 1609 1162 1655 m.
1185 1609 1226 1656 4⁵.
1249 1611 1291 1659 ra

187 1667 229 1712 47.
245 1667 288 1711 49.
305 1668 345 1713 6⁰.
365 1667 406 1712 54.
426 1669 466 1713 55.
486 1668 527 1712 62.
550 1668 590 1713 64.
609 1667 650 1712 ta.
669 1663 744 1727 prob.
764 1664 872 1714 Salmas.
891 1674 921 1715 ut
937 1669 1005 1717 ludus
1026 1669 1129 1719 dicatur
1151 1685 1197 1733 pro
1218 1673 1291 1735 ludio,

187 1727 402 1791 quemadmodum
421 1743 496 1790 regno
518 1742 565 1790 pro
587 1728 689 1794 regilius,
717 1734 745 1778 et
772 1730 866 1779 similia
893 1732 988 1793 passim
1010 1733 1096 1784 obvia.
1138 1735 1190 1783 Sed
1212 1737 1293 1786 ludum

187 1792 334 1856 reposuisse
347 1792 467 1843 ridentur
483 1792 581 1841 librarii
598 1801 682 1841 metro
701 1793 830 1843 timentes.
863 1795 966 1845 Lartium
983 1811 1044 1846 vero
1063 1798 1224 1855 δισσύλλαβος
1241 1816 1293 1850 vox

187 1866 230 1906 est
245 1863 353 1921 propter
364 1856 493 1919 συνίζησεν.
511 1857 553 1907 Cf.
565 1871 604 1906 xr.
619 1861 659 1906 20.
676 1864 703 1907 et
715 1872 772 1922 sup.
791 1859 824 1907 ad
835 1873 872 1909 rv.
890 1862 996 1910 ³7.—8³
1007 1862 1153 1926 fomroriqoe
1173 1868 1210 1914 to.
1236 1865 1297 1927 sor·-

187 1937 295 1986 uromoue
315 1926 357 1971 22.
381 1927 487 1972 tia—84
503 1924 618 1971 cmmonte
633 1925 675 1970 to.
698 1926 739 1971 47.
761 1926 802 1973 48.
825 1928 866 1973 58.
890 1924 960 1973 facili
982 1929 1134 1992 solennique
1158 1938 1297 1992 permuta-¹

186 1986 258 2037 tione
275 1988 407 2037 literarum
424 1989 445 2035 cl
457 1995 485 2037 et
495 1989 583 2037 d.-·-87
601 1987 681 2036 ludum
694 1989 733 2036 14.
768 1988 881 2039 Paridem
899 1991 1006 2054 ludosque
1022 1996 1063 2042 25.
1081 1996 1175 2043 2746.
1190 1998 1231 2045 tt.
1248 1999 1290 2043 ts.
1326 2029 1328 2034 ι

684 2118 797 2176 NOTAE

220 2235 254 2281 82
269 2232 353 2296 Nupta
369 2232 490 2296 Sesatai]
514 2233 648 2298 Exemplis
663 2232 719 2295 jarn
761 2233 861 2283 cubitos
883 2233 1020 2294 duntaxat,
1046 2236 1129 2285 esurit
1147 2236 1293 2303 AEgyptns3

188 2309 281 2371 probat
297 2308 366 2374 quod
383 2311 415 2360 de
434 2311 568 2360 rnulierum
585 2308 721 2360 effraenata
761 2311 958 2374 quatuordecim
996 2313 1154 2361 bilaritatem
1192 2322 1294 2373 creant,

186 2385 296 2436 libidine
307 2384 458 2437 affirmavit..
761 2388 907 2450 quindecim
920 2389 1094 2451 securitatem,
1104 2389 1220 2439 sedecim
1232 2390 1296 2448 deli

220 2461 341 2528 Semtori]
375 2464 495 2514 Fabricio
514 2464 662 2529 Veientani,
687 2464 720 2514 de
760 2464 833 2524 eias;
858 2465 880 2514 si
900 2466 977 2527 ultra,
998 2465 1128 2515 damnum.
1161 2467 1202 2515 Ex
1223 2466 1294 2533 Plio.

188 2557 238 2608 qno
250 2549 311 2593 ante
323 2543 378 2592 Sat.
387 2556 424 2592 rv.
436 2558 474 2592 vs.
486 2546 541 2592 113.
760 2553 787 2590 r.
799 2545 823 2589 9.
835 2548 863 2590 et
874 2541 939 2592 aliis.
971 2540 1105 2606 Aquamm
1124 2542 1177 2591 Nili
1195 2541 1295 2613 bonita-

220 2619 336 2683 Ludium]
348 2618 656 2684 Sergiumgladiatorem.
673 2619 721 2668 Le·
760 2626 852 2670 temet
864 2620 1043 2670 salubritatem
1060 2620 1166 2670 laudant
1183 2619 1295 2672 Aristot.

188 2697 228 2759 git
244 2692 350 2745 Salmas.
368 2698 462 2752 ludumr
480 2697 592 2760 vultque
604 2696 656 2746 dici
674 2711 721 2761 pro
760 2695 916 2745 Galeam.
952 2698 1037 2755 Nino,
1048 2697 1117 2761 quod
1128 2697 1164 2746 ibi
1176 2700 1293 2760 multum,

188 2772 269 2828 ludim
285 2777 315 2821 ut
325 2786 407 2834 regrro,
420 2785 468 2833 pro
478 2770 582 2832 regibus.
761 2771 892 2834 assignare
908 2772 973 2822 licet
990 2772 1066 2836 bajus
1083 2787 1193 2824 causam.
1224 2774 1297 2822 Vide

213 2853 253 2917 ⁴8³
272 2848 379 2911 Phoron]
406 2848 494 2898 Insula
503 2853 544 2897 est
553 2848 723 2900 Alexandriae
761 2854 794 2898 et·
808 2847 934 2898 Heroden
952 2848 996 2897 llb.
1009 2848 1047 2897 η.
1067 2845 1163 2899 Scaea
1174 2849 1296 2901 Natural.

189 2927 247 2976 urbi
263 2930 342 2990 ponte
353 2927 499 2989 conjuncta,
516 2926 543 2974 in
556 2941 607 2991 qua
622 2927 655 2975 de
673 2925 723 2975 fas·
761 2931 853 2988 quast.
862 2929 937 2974 rv.·l.
947 2931 976 2974 et
986 2939 1040 2988 seq.
1050 2924 1138 2989 Agell.
1150 2939 1178 2975 x.
1188 2930 1212 2976 7.
1228 2924 1302 2976 ΟωΙλ

189 3004 253 3067 tigio
266 3002 343 3052 turris
354 3001 399 3050 fax
414 3016 524 3052 accensa
539 3009 642 3066 portum
659 3002 722 3052 indi·
762 2999 872 3064 Rhodig.
884 3013 974 3050 xxvrr.
985 3003 1010 3049 o.
1022 3003 1072 3050 &a

190 3085 243 3142 cat,
253 3085 281 3128 et
292 3079 382 3143 dirigit
390 3085 471 3128 noctu
480 3079 639 3143 nauigantes.
794 3077 938 3140 ramoque
958 3078 1043 3126 oroma
1067 3077 1148 3141 lagi]
1181 3078 1298 3129 Alexan·

223 3154 319 3219 Nilum]
346 3155 456 3220 AEgypti
478 3153 572 3204 flumen
595 3156 721 3220 inclytum
761 3152 845 3202 driam
861 3154 968 3218 AEgypti
985 3154 1086 3216 urbem,
1113 3155 1158 3204 ubi
1178 3157 1296 3220 regnavit

189 3232 223 3282 de
239 3247 290 3297 quo
306 3230 362 3282 Sat.
375 3246 393 3282 1.
412 3246 448 3280 vs.
461 3235 502 3281 26.
536 3233 630 3283 Oritur
644 3233 721 3284 Nilos
761 3230 1305 3292 LugroPtolemaeisuecessorisAlexandri.

190 3310 217 3360 in
228 3309 358 3374 AEtbiopia
371 3308 514 3373 superiore,
525 3307 597 3358 fonte
608 3310 720 3375 duplici:
762 3316 848 3372 pater.
882 3307 949 3358 Haec
959 3307 1058 3358 famosa
1074 3309 1199 3376 emporio,
1213 3312 1294 3374 popu2

188 3388 276 3435 leucas
298 3387 356 3450 plns
375 3386 446 3434 mille
469 3384 575 3450 perfluit
597 3388 631 3438 ad
652 3404 722 3439 mare
761 3386 846 3435 lorum
857 3385 929 3448 luxu,
938 3393 969 3435 et
977 3386 1049 3435 cade
1061 3386 1190 3449 Pompeii.

190 3462 430 3524 Mediterraneum
455 3464 543 3511 mnltis
564 3469 655 3513 auctus
676 3462 724 3515 llu-
796 3466 828 3510 st
846 3462 963 3524 Prodigia
975 3467 998 3510 et
1009 3462 1095 3525 mores]
1115 3463 1307 3528 Prodigiorum»

191 3534 240 3587 uiis
250 3539 278 3587 in
288 3536 352 3586 illud
363 3539 419 3588 exit
432 3553 480 3602 per
490 3539 557 3588 ostia
569 3540 723 3604 quandoque
763 3539 882 3602 inprimis
894 3554 1006 3588 amorem
1023 3539 1095 3587 illum
1101 3528 1232 3588 matrona
1246 3540 1301 3589 Ro·-

190 3614 277 3677 plura,
301 3628 395 3677 nempe
413 3628 471 3663 eum
493 3613 625 3665 exundat:
654 3616 723 3680 quod
763 3628 847 3663 mauae
863 3614 889 3662 iu
907 3614 1075 3677 gladiatorem
1093 3617 1234 3677 ignobilem
1244 3632 1257 3669 ι,
1268 3621 1298 3664 et

191 3691 299 3754 singulis
311 3690 384 3739 annis
400 3691 529 3753 contingit
545 3691 617 3742 circa
634 3693 723 3741 Solsti·
763 3704 798 3738 ex
809 3688 916 3753 Hippia,
930 3689 1001 3739 urbis
1012 3690 1125 3755 indolem
1142 3691 1298 3740 aestimante.

191 3769 258 3819 tium
269 3768 394 3817 astitum.
428 3767 524 3817 Canem
542 3768 723 3818 exundationis
798 3765 904 3828 Canopo]
929 3767 1003 3816 Urbe
1012 3768 1128 3831 quamuis
1139 3768 1248 3830 impura,
1262 3767 1297 3817 de
1322 3822 1328 3831 ⁵

191 3844 558 3896 aliialiascomminlscuutur.
583 3843 724 3893 Abundau·
764 3858 815 3906 qua
833 3843 889 3892 Sat.
906 3857 925 3892 1.
944 3859 981 3892 vs.
996 3848 1041 3893 26.
1072 3845 1233 3908 Metouymia
1248 3841 1297 3907 pr'o

192 3923 234 3974 tes
246 3929 307 3973 tunc
318 3921 441 3986 temporis
451 3922 477 3970 in
489 3921 619 3984 AEtbiopia
629 3921 724 3972 imbres
763 3921 897 3983 AEgyptt'is.

191 4015 244 4050 non
256 4000 301 4050 abs
313 4014 342 4048 re
353 3998 471 4062 plerique
483 3996 603 4047 afferunt.
637 3998 728 4046 Exun-
798 4000 830 4044 eo
848 3997 894 4044 Nil
909 3997 998 4060 potrioe
1013 3997 1124 4060 inituim]
1150 3996 1195 4045 Nil
1206 4009 1301 4045 curans

193 4078 257 4128 dans
274 4083 361 4128 autem
380 4077 455 4127 Nilus
471 4076 563 4126 mirum
580 4077 605 4125 iu
623 4075 726 4125 modum
767 4074 838 4138 quod
854 4077 947 4140 patriae
970 4077 1105 4127 caritatem
1123 4075 1243 4125 simulet
1261 4072 1298 4124 fa·

193 4154 256 4205 limo
276 4169 322 4206 suo
344 4161 428 4203 terras
449 4151 591 4202 secundat.
632 4153 683 4204 Qui
704 4153 726 4202 si
765 4167 835 4203 mam
847 4153 965 4206 violaret.

193 4232 306 4284 ereverit
326 4231 360 4282 ad
382 4229 519 4282 duodecin
538 4230 580 4282 vel
600 4229 726 4293 tredecim
798 4229 939 4297 illudes]
963 4233 1109 4296 Circenses,
1125 4230 1218 4297 quibus
1234 4223 1328 4296 adeo*
