3059 4925
257 325 324 390 3⁵0
615 346 651 394 n.
675 342 780 393 suun
804 344 1017 393 suvsusnrs

258 484 302 550 Et
316 492 412 552 vetus
424 488 570 571 indulget
585 490 719 553 senibus
733 489 907 553 clementia
919 489 1044 573 porcis.
1296 486 1358 552 160

302 589 447 655 Nullane
462 591 503 654 de
518 592 615 655 tantis
629 592 783 673 gregibus
798 592 859 654 tibi
875 591 974 674 digna
987 592 1139 656 videtur?

259 693 312 759 Sit
325 694 481 771 formosa,
497 693 628 772 decens,
645 694 750 770 dives,
763 692 932 773 foecunda,
947 699 1095 759 vetustos

259 796 450 861 Porticibus
461 796 616 880 disponat
630 815 724 872 avos,
742 796 892 860 intactior
907 798 996 876 omni
1194 794 1196 796 ’

168 919 172 923 ’
260 898 413 964 Crinibus
428 897 541 961 effusis
555 897 677 961 bellum
692 897 860 961 dirimente
876 897 1016 963 Sabina:

224 992 231 1014 ²
258 1000 371 1088 (Rara
383 1000 623 1079 avisinterris,
637 1001 800 1084 nigroque
814 1002 983 1065 simillima
998 1000 1122 1085 cycno)
1298 998 1363 1065 165

259 1218 299 1267 Aa
308 1218 337 1267 de
345 1222 413 1267 tantu
421 1217 573 1266 multitudine
582 1218 648 1265 nullu
658 1215 703 1266 tibi
713 1221 821 1265 emetur
830 1213 932 1265 idonea?
952 1215 1009 1278 Age
1019 1230 1091 1273 vero,
1101 1214 1134 1262 sit
1142 1214 1251 1277 paleira,
1259 1213 1364 1274 beneda,

259 1283 508 1346 opulentu‚soecuudu;
524 1282 632 1345 animnos
647 1281 719 1330 atriis
729 1283 900 1338 mucellam:
915 1282 950 1330 sit
967 1283 1054 1329 melior
1067 1280 1161 1328 Sabinis
1171 1280 1295 1342 aniensis,
1306 1293 1363 1342 quae

258 1348 347 1410 sparsis
363 1347 455 1411 cupidis
465 1347 584 1422 finierant
599 1346 692 1409 prelio.
725 1347 847 1410 Denique
858 1346 892 1395 sit
902 1348 1003 1395 eulaeus
1017 1346 1044 1393 iu
1054 1345 1109 1393 erle
1119 1344 1262 1408 infrequens,
1277 1349 1301 1392 el
1320 1358 1365 1405 pur

260 1413 388 1463 abusus.
423 1412 485 1467 Ques
494 1411 734 1474 toloeddconjsgem
744 1411 783 1460 cui
794 1411 871 1460 simul
880 1411 961 1461 adsint
972 1415 1055 1460 mucio
1065 1411 1138 1459 haeci
1171 1407 1289 1472 Praesera
1304 1408 1364 1472 poli·

758 1556 890 1576 aeneum

260 1654 360 1705 Buricis
369 1657 489 1703 aa-lel
511 1622 595 1704 miuus
605 1658 648 1704 28.
680 1654 740 1705 Non
751 1656 829 1715 male,
841 1660 870 1705 ut
881 1655 937 1704 haec
949 1667 1050 1720 qnoque
1061 1652 1156 1717 poitae,
1173 1667 1224 1701 nou
1236 1617 1370 1712 Postumi*

259 1720 341 1792 verba
351 1719 493 1770 siut—162
502 1718 610 1778 fwundu
625 1723 666 1770 22.
678 1724 717 1771 85.
749 1725 857 1770 emamus
875 1724 915 1770 47.
928 1724 1050 1769 cla-165
1067 1734 1147 1783 mum,
1164 1732 1216 1767 nou
1227 1732 1313 1782 cygno,
1324 1720 1365 1767 20.'

757 1836 869 1887 NOTAE

261 1932 436 1983 calceamenta
460 1932 492 1982 de
515 1933 624 1997 pedibus
650 1933 719 1995 tuis‚’
745 1938 795 1987 dcc.
868 1940 917 1986 les
928 1935 1179 1998 Porticibusdispuuul
1189 1931 1256 1994 cres]
1268 1932 1365 1981 cereas

261 2009 331 2060 Hinc
348 2011 475 2060 Berenice
485 2010 596 2073 nudipes
609 2011 678 2073 apud
693 2010 796 2061 lerose·
834 2014 964 2077 Majorunr
977 2013 1101 2076 imagines
1117 2010 1206 2060 ordine
1218 2007 1366 2071 dispositas,

259 2087 355 2150 lymam
374 2093 437 2136 vota
453 2086 602 2151 persolvere
623 2088 728 2151 legitur,
748 2089 794 2140 Jo-
834 2096 865 2140 ut
884 2089 923 2153 fit,
942 2089 1037 2138 lrabeat
1054 2089 1081 2137 in
1102 2087 1167 2137 atrio
1188 2086 1278 2134 domus
1298 2082 1365 2130 bene

262 2162 334 2225 seph.
347 2163 413 2212 Bell.
425 2162 541 2214 Judlib.
553 2177 584 2211 11.
833 2166 942 2225 multas3
971 2164 1087 2228 adeoque
1109 2164 1144 2213 sit
1165 2161 1243 2211 valde
1263 2158 1366 2209 nobilis.

293 2237 408 2300 Scibam
447 2239 511 2302 Leg.
534 2240 612 2288 Corn.
634 2241 695 2290 Tac.
717 2241 793 2291 initio
833 2243 901 2292 Vide
914 2242 1051 2292 initioSat.
1064 2254 1126 2289 vni.

260 2316 361 2366 libriv.
386 2317 487 2366 Histoi.
507 2317 605 2368 Justin.
631 2316 675 2366 lib.
694 2331 793 2369 xxxva
866 2325 914 2370 164
933 2312 1367 2381 Crinibuseffiesisdellsmdirimeslc

261 2394 336 2443 Pers.
348 2394 403 2444 Sat.
415 2407 442 2442 v.
454 2408 492 2442 vs.
504 2396 560 2441 184.
579 2399 606 2442 et
625 2409 683 2459 quae
695 2395 793 2444 notavi·
833 2396 934 2459 Sabinu]
967 2396 1038 2445 Nota
1047 2392 1155 2442 historie
1171 2390 1205 2439 de
1216 2387 1300 2451 raptis
1310 2402 1366 2436 mn·

260 2484 317 2521 mus
330 2470 436 2519 ibidem.
668 2494 671 2497 ·
833 2472 940 2523 lieribus
965 2471 1077 2531 Sabinis,
1097 2470 1131 2519 ob
1157 2482 1220 2532 quas
1243 2464 1366 2514 Romanis

294 2550 342 2595 160
350 2546 466 2608 Indulget
475 2546 568 2599 senibus
576 2547 698 2597 clementie
705 2547 794 2611 porcis]
833 2549 930 2598 bellum
948 2555 1039 2597 atrox:
1057 2547 1091 2596 de
1103 2561 1153 2610 quo
1171 2545 1226 2592 Tit.
1242 2543 1299 2591 Liv.
1319 2541 1370 2590 lib.·

262 2621 299 2671 Hi
310 2622 549 2687 siquidemlmpuue
563 2623 651 2673 vivunt
663 2623 694 2673 ad
705 2639 793 2674 senec·
835 2639 854 2673 1.
888 2622 932 2674 Sic
949 2630 1035 2673 autem
1046 2624 1161 2687 loquitur
1172 2636 1229 2683 cap.
1243 2624 1282 2668 13.
1299 2619 1368 2682 ejus·

261 2706 354 2764 tutem,
370 2700 462 2764 quibus
479 2700 550 2748 vesci
571 2715 622 2750 uou
641 2700 704 2750 licet
723 2700 793 2765 apud
834 2700 894 2750 dem
912 2701 982 2750 libri.
1008 2700 1092 2749 ‘Tum
1112 2699 1214 2749 Sabiu'ae
1236 2696 1370 2763 mulierem

262 2775 375 2827 Judaeos.
411 2776 478 2825 Nam
488 2777 574 2825 levit.
587 2791 644 2840 cap.
656 2789 695 2826 ιι.
706 2785 756 2827 art.
769 2782 793 2829 7.
835 2774 1368 2843 quarumexiujuriabellunortumerat,

260 2853 294 2902 ab
311 2853 350 2902 nis
363 2853 469 2917 aliisque
486 2853 623 2902 immundis
643 2855 794 2905 animalibus
834 2852 949 2902 crinibus
961 2852 1052 2916 passis,
1063 2851 1192 2915 scissaque
1201 2856 1285 2911 veste,
1296 2848 1367 2898 victo

261 2930 392 2981 abstinere
400 2930 537 2994 jubentur.
569 2929 676 2980 Tacitus
691 2930 793 2980 Hister.
834 2930 908 2979 malis
918 2929 1036 2978 muliebri
1053 2942 1159 2992 pavore,
1176 2941 1243 2975 snsae
1261 2939 1289 2974 se
1298 2924 1368 2974 inter

261 3011 286 3056 5.
298 3007 366 3056 inter
378 3007 429 3055 alia
440 3005 473 3054 de
484 3005 604 3054 Hebraeis
614 3005 689 3067 falsa,
700 3014 727 3055 et
737 3005 794 3057 lucc
834 3007 889 3056 tela
908 3006 1023 3056 volantia
1045 3003 1150 3066 inferre,
1170 3018 1211 3052 erc
1219 3008 1366 3052 transversa

261 3084 357 3134 babet:
373 3084 438 3132 ‘Sne
449 3082 596 3143 abstinent‚’
614 3083 708 3147 inquit,
725 3085 795 3133 ‘me-
834 3083 932 3148 impetu
944 3080 1024 3143 facto,
1036 3080 1157 3129 dirimere
1170 3076 1282 3126 infestas
1289 3077 1368 3137 acies,

261 3159 444 3219 monacisca,
456 3158 524 3222 quod
536 3158 605 3220 ipsos
616 3158 714 3207 scabies
724 3173 794 3221 qltae·
834 3160 954 3210 dirimere
966 3159 1033 3208 iras:
1046 3159 1107 3207 hinc
1120 3164 1219 3221 patres,
1228 3156 1290 3205 nine
1298 3156 1365 3205 uiros

262 3236 321 3284 dam
342 3241 501 3300 turpaverat,
521 3233 563 3283 cni
585 3234 612 3282 ld
633 3235 728 3284 animal
749 3235 794 3284 ob·
835 3235 1063 3285 orantes-Movet
1084 3249 1125 3282 res
1147 3241 1202 3282 tum
1223 3231 1366 3281 multitudi-

262 3312 385 3362 noxium.'
834 3327 903 3374 nem,
913 3318 968 3361 tum
979 3312 1069 3360 duces.
1088 3308 1235 3369 Silentium,
1244 3317 1269 3355 el
1278 3321 1367 3371 repen·

295 3394 342 3438 leo
360 3389 462 3437 Nullane
472 3389 502 3436 de
513 3387 598 3450 tantu]
614 3389 749 3438 Hactenus
758 3389 794 3439 vi·
836 3390 890 3438 tina
900 3388 931 3438 tit
942 3388 1024 3453 quies.
1057 3385 1123 3435 lnde
1135 3385 1168 3433 ad
1178 3383 1261 3432 fedus
1274 3381 1366 3432 facien·

262 3465 301 3515 tia
320 3464 455 3514 mulierum
474 3466 618 3515 enarravit:
640 3466 694 3528 jam
714 3466 795 3515 bonas
834 3466 896 3516 dum
919 3466 1000 3514 duces
1026 3464 1169 3528 prodeunt:
1199 3475 1247 3508 nee
1275 3473 1366 3522 paceni

263 3556 351 3591 earum
363 3542 437 3592 dotes
450 3541 535 3605 affert,
547 3557 611 3607 quius
628 3542 672 3591 vix
683 3542 794 3592 inveniri
833 3542 921 3603 modo,
931 3543 975 3590 sed
987 3547 1014 3590 et
1026 3540 1160 3588 civilatem
1174 3551 1250 3585 unam
1261 3550 1295 3585 ex
1306 3534 1366 3584 dua·

263 3619 367 3679 asserit;
386 3634 416 3668 ac
427 3619 448 3667 si
457 3633 515 3683 quae
526 3619 577 3667 sint
587 3620 615 3667 in
624 3620 662 3673 eis
674 3620 794 3681 virtutes,
833 3619 882 3669 bus
891 3617 1006 3678 faciunt5
1023 3631 1129 3680 regnum
1141 3614 1303 3664 consociant:
1322 3612 1365 3660 irn-

262 3696 308 3744 has
319 3695 382 3745 vitio
394 3696 515 3759 quopiam
531 3695 657 3759 infestari,
674 3713 699 3746 v.
712 3714 737 3762 g.
752 3713 793 3747 su·
834 3696 933 3760 perium
944 3710 1019 3743 omne
1031 3692 1168 3743 conferunt
1178 3688 1303 3741 Romanu'
1323 3687 1365 3737 Vi·

262 3771 369 3835 perbia3
382 3787 433 3835 qua
441 3769 472 3820 tit
484 3778 514 3820 ut
524 3773 620 3822 nullam
632 3773 794 3823 commenda·
835 3773 868 3821 de
879 3779 907 3821 et
919 3770 997 3821 Ouid.
1006 3772 1075 3819 Fast.
1085 3773 1108 3818 1.

262 3848 358 3899 tionem
369 3849 421 3898 illre
432 3858 589 3900 mereantur.
867 3847 966 3912 Sabina]
998 3846 1065 3895 Vide
1083 3849 1137 3895 Sat.
1149 3856 1192 3893 111.
1208 3857 1246 3892 vs.
1260 3846 1315 3893 les.
1334 3841 1366 3890 ed

295 3929 343 3975 lea
359 3923 519 3986 Sitforruoso,
529 3924 583 3988 isc]
607 3923 665 3988 Age
676 3940 748 3988 vero,
760 3926 795 3976 sit
834 3939 925 3975 vocem
936 3923 1061 3972 Sabellam.

262 4000 381 4066 quaedam
409 4000 501 4049 mulier
529 4001 607 4050 variis
638 4003 794 4052 ornamentis
868 4006 914 4050 165
933 3998 1131 4062 Herenniano]
1155 3997 1236 4046 Velut
1248 3993 1366 4045 Pboenix.

263 4077 333 4126 clara
343 4085 370 4126 et
381 4077 488 4137 eximia;
505 4084 533 4126 at
544 4077 566 4126 si
581 4084 621 4126 est
633 4092 755 4142 arrogans
767 4086 795 4128 et
834 4077 901 4127 Vide
914 4078 987 4126 Pers.
998 4077 1054 4126 Sat.
1067 4090 1087 4125 1.
1101 4091 1139 4124 vs.
1151 4078 1193 4124 do.
1211 4079 1239 4122 et
1250 4087 1309 4138 qnae
1320 4086 1364 4122 uos

262 4153 375 4216 superba
395 4161 504 4220 propter
532 4152 590 4203 illas
611 4148 681 4217 ipsas
703 4154 793 4217 dotes;
834 4154 941 4206 ibidem.
1016 4192 1018 4194 -

264 4220 341 4297 quid?
667 4269 668 4272 η
731 4293 734 4297 ,
796 4263 798 4267 v
869 4218 1364 4299 Cygnofflnncuaturecandidissimum
