3059 4925
508 325 512 332 ·
593 307 848 364 nousuonuu.
1221 297 1267 367 ⁶7

167 454 254 520 lunis
279 459 373 522 snut·
409 453 510 535 Quod
525 471 628 539 genus
640 455 794 522 ludorum
807 455 851 521 ab
866 451 968 520 Oscis
981 458 1153 542 acceptum
1167 457 1268 526 tenue

163 553 332 641 juventus,
358 577 421 622 nec
434 558 477 622 ah
490 558 705 623 histrionibus
717 556 820 640 pollui
834 575 938 640 passa
956 565 1018 623 est.
1062 558 1114 624 Eo
1138 560 1269 626 iustitu-

95 658 104 669 “
169 667 239 724 tum
250 666 374 738 manet,
393 665 432 725 ut
445 666 577 725 actores
590 657 816 724 Atellanarum
829 677 890 724 nec
904 659 991 724 tribu
1004 674 1211 741 moveantur,
1234 672 1269 731 et

168 761 348 844 stipendia,
361 769 520 846 tauquam
534 765 688 845 expertes
700 760 783 825 artis
793 759 944 838 ludicrae,
963 761 1112 827 saciant?
1154 763 1196 828 ln
1215 765 1269 829 his

164 863 306 942 fabulis,
323 866 366 929 ab
383 862 504 943 Atella,
517 860 680 929 Oscorum
692 862 727 927 in
741 860 929 946 Campania
941 862 1077 947 oppido,
1096 866 1146 930 sic
1158 865 1268 945 dictis,

168 963 270 1050 (nude
281 972 410 1032 actores
424 986 537 1031 earnm
545 961 635 1030 Osce
646 966 747 1031 etiam
756 961 1006 1049 loquebantur,)
1017 985 1125 1031 sermo
1136 967 1270 1051 quidem

168 1067 261 1133 rudis
275 1075 346 1134 erat
359 1070 586 1156 etlimpolitus,
598 1065 657 1132 sed
670 1065 799 1132 facetus
813 1067 926 1149 potius
940 1072 975 1131 et
986 1065 1156 1146 ridiculus,
1171 1088 1269 1153 qnam

26 1187 27 1190 ’
170 1172 353 1238 ohscoenus
368 1178 402 1237 et
413 1172 573 1246 lasciuus,
594 1174 821 1252 argumentum
835 1187 970 1252 quoqne
984 1175 1124 1246 castum,
1149 1176 1182 1236 et
1195 1191 1269 1235 sen·

169 1276 282 1340 teutiae
307 1292 403 1358 purae
427 1280 529 1357 atque
551 1272 721 1337 honestae:
742 1269 832 1335 unde
858 1269 974 1337 Valet.
998 1271 1095 1337 Max.
1120 1288 1161 1338 ιι.
1184 1275 1217 1339 4.
1234 1276 1268 1340 4.

171 1375 264 1454 dicit,
290 1376 378 1441 ‘hoc
392 1393 496 1459 genus
510 1372 738 1438 delectationis
752 1371 874 1437 Italica
887 1373 1090 1442 severitate²²
1110 1380 1272 1460 tempera·
1289 1413 1297 1432 ι

172 1482 242 1544 tum
264 1478 408 1561 ideoque
431 1496 575 1542 vacuum
597 1474 686 1542 nota’
710 1474 827 1544 fuisse.
870 1474 1032 1542 Videntur
1054 1477 1121 1543 illae
1135 1496 1271 1562 prorsus
1301 1461 1316 1476 ⁴

171 1581 240 1646 fere
253 1582 446 1672 congruisse
458 1578 582 1644 fabulis
596 1577 792 1644 Grrecorum
813 1580 1126 1665 comico-satyricis,
1153 1590 1223 1647 tum
1237 1582 1271 1646 is

172 1682 356 1766 argumenti
369 1681 501 1748 delectu
515 1687 549 1746 et
562 1682 767 1761 tractatione,
778 1681 814 1745 in
827 1681 1022 1765 petulantia,
1034 1683 1226 1761 dicacitate,
1239 1691 1272 1749 et

172 1784 317 1852 andacia
330 1785 500 1862 dictionis,
515 1785 550 1849 in
565 1789 713 1849 actorum
726 1791 760 1850 et
773 1785 959 1849 saltationis
973 1784 1093 1863 indole,
1107 1791 1139 1850 et
1151 1785 1187 1850 in
1198 1787 1274 1870 ipsa

171 1888 315 1967 actione,
334 1894 403 1953 tum
418 1887 455 1951 in
474 1905 528 1964 eo,
553 1884 642 1969 qued
657 1906 820 1963 seorsum,
839 1905 899 1952 nec
911 1885 1078 1972 adJunctae
1092 1886 1273 1971 bagoediis,

173 1988 415 2055 exhiberentur.
440 1987 491 2073 (v.
515 1985 708 2053 Eichstaedt
721 1986 764 2053 de
787 1988 892 2052 dram.
914 1985 1028 2052 Graec.
1050 2008 1137 2053 com.
1157 1996 1220 2055 sat.
1235 2009 1270 2073 p.

172 2091 229 2158 63.
243 2090 301 2158 64.
314 2092 370 2157 tio.
383 2093 429 2157 75
441 2110 495 2173 sq.
508 2094 543 2155 et
559 2088 614 2157 84.
632 2091 691 2156 ubi
712 2091 815 2156 etiam
836 2089 879 2155 de
897 2094 978 2156 noto
1002 2089 1176 2156 Diomedis
1198 2092 1274 2157 loco

173 2194 232 2258 lib.
250 2209 308 2257 ιιι.
321 2213 358 2277 p.
372 2190 451 2257 487.
466 2190 520 2257 ed.
535 2191 674 2257 Pntsch.
691 2191 740 2256 ita
753 2190 927 2275 disputat:
951 2195 961 2226 ‘
977 2191 1159 2260 Diomedes
1182 2192 1275 2259 Atel·

173 2294 262 2359 lanae
276 2292 442 2359 Romanae
456 2313 478 2358 a
491 2291 689 2360 Graecorum
703 2293 833 2379 Satyris
850 2293 1041 2362 distantiam
1062 2296 1113 2359 sic
1135 2297 1274 2381 aparuit,

174 2398 346 2481 utriusque
360 2400 398 2460 ut
412 2396 596 2483 Satyriees,
621 2394 790 2464 aGrsecis
803 2401 965 2476 uectatus,
991 2398 1138 2483 speciem
1157 2404 1191 2464 et
1210 2398 1276 2467 ior·

174 2519 264 2565 mam
291 2499 438 2582 quodam
466 2498 568 2565 medo
596 2496 763 2564 indicasse
785 2498 947 2566 videatur.
998 2497 1132 2582 Latina,
1160 2503 1276 2587 iuquit,

176 2598 329 2673 Atellcuc
353 2621 373 2664 ιι
401 2597 514 2665 Gracc
531 2597 677 2687 Satyrion
698 2595 822 2684 drfflrt:
843 2598 928 2686 quod
947 2601 982 2665 t'n
1004 2601 1153 2692 Satyrica
1177 2620 1274 2673 suns

178 2701 363 2789 Satyrorum
390 2725 525 2788 persone
554 2700 754 2780 inducuntur,
783 2714 851 2771 eut.
867 2704 894 2767 ιί
923 2725 990 2790 quc
1017 2716 1090 2772 sust
1125 2704 1276 2789 ridicule,

176 2802 290 2873 amites
307 2804 441 2891 Satyris,
457 2803 642 2892 Autolycus,
659 2801 806 2881 Busirin
826 2805 861 2869 ιἰι
872 2796 1024 2872 Atellano
1038 2809 1124 2872 Osce
1132 2830 1276 2894 persone,

176 2920 210 2974 at
227 2905 395 2973 Maccus
440 2905 518 2987 Quo
535 2909 569 2973 in
591 2907 669 2973 loco
692 2906 760 2974 duo
785 2928 822 2973 se
842 2909 1089 3001 nohisofferunt
1102 2910 1203 2994 digna
1217 2914 1278 2979 eh

27 2978 29 3037 ἶ
76 3022 77 3027 1
177 3019 335 3092 marm
366 3012 515 3088 aiterum,
541 3009 630 3094 quod
652 3010 848 3096 Satyrorum
867 3010 1018 3077 inductio
1043 3013 1087 3077 ah
1111 3010 1277 3081 Atellanis

176 3114 275 3197 pana
302 3113 410 3179 uam
437 3113 617 3198 Juuoaur,
647 3114 797 3192 uuum,
822 3113 914 3197 quoe
939 3090 1055 3178 duem
1084 3112 1279 3184 craecorum

178 3215 331 3302 satyricis
344 3215 465 3281 fabulis
482 3234 549 3280 uon
570 3215 640 3280 sine
654 3216 853 3301 exceptione
866 3214 1012 3299 quadam
1024 3218 1189 3283 tribuitur.
1232 3219 1281 3287 As

177 3337 257 3384 uero
271 3317 303 3383 si
316 3316 449 3383 fabulas
459 3317 558 3383 unice
572 3317 803 3402 respiciamus,
829 3337 851 3382 a
864 3319 1000 3401 tragicis
1021 3318 1131 3403 peiitis
1149 3321 1280 3406 prolec-
1300 3340 1305 3345 ·

179 3426 244 3499 tas,
270 3420 504 3503 ignoraverunt
524 3439 605 3485 rane
623 3420 708 3485 hanc
729 3419 963 3505 exceptionem
975 3419 1098 3487 Graeci.
1143 3423 1281 3489 Diome·

178 3520 253 3587 dem
277 3521 393 3606 itaque
421 3523 560 3589 arbitror
581 3521 714 3587 fabulas
738 3523 1046 3607 comico-satyricae
1059 3526 1158 3590 simul
1171 3534 1281 3592 mente

178 3623 466 3711 descriptioneque
487 3621 788 3707 comprehendisse,
811 3628 844 3687 et
865 3622 965 3688 sicmi
979 3627 1115 3708 tragicis
1129 3627 1280 3713 Satyros,

676 3789 789 3842 NOTAE

180 3902 247 3967 qnod
272 3902 307 3954 sb
333 3904 498 3968 exeuntibus,
526 3902 629 3968 letter!
667 3902 710 3958 cf.
782 3904 1040 3957 nltahunciocum
1050 3904 1219 3956 mandarent
1235 3904 1284 3955 Cn·

180 3978 420 4046 neheompos.
751 3983 968 4048 ssnh.p.95‚0ti.
1000 3980 1237 4032 Vossiustpoit.
1251 3995 1282 4035 ιι.

212 4059 246 4105 22
262 4056 322 4108 lise
340 4057 428 4107 ltotiec
440 4057 565 4108 munitm
580 4058 712 4124 designari
751 4065 791 4111 85.
802 4062 853 4124 te.
876 4058 1064 4125 blankenburg
1073 4057 1106 4113 sd
1117 4054 1290 4120 mlum„

182 4130 301 4193 breim
318 4130 446 4191 htehmis
466 4133 640 4201 conjunctam,
658 4148 712 4189 uon
751 4141 847 4204 pul&

184 4209 310 4272 mmuadt
318 4209 393 4262 urbis
403 4209 515 4277 Qut.
526 4225 554 4277 p.
565 4214 622 4265 184.
