3059 4925
248 369 293 438 20
695 386 904 438 rnnrnrro.

250 538 360 601 antem
373 552 481 600 rerum
494 533 621 600 notitiae
636 533 691 598 rel
705 533 817 622 cnrd'ae
832 534 886 599 vei
900 532 1033 598 inutiles
1045 533 1099 598 vei
1115 534 1229 600 noxiae
1245 533 1355 600 vletitie

248 639 457 720 spargimur,
472 656 551 721 quo,
564 637 624 720 qni
637 636 833 722 disciplinas
847 637 988 715 tradunt,
1007 637 1051 701 ab
1064 638 1154 702 omni
1169 636 1353 702 subtilitate

248 739 450 819 desciscunt,
476 745 524 819 et,
545 741 605 825 qui
629 739 675 805 iis
696 740 911 806 addiscendis
932 759 1066 823 operam
1079 740 1276 805 darevideri
1290 758 1349 804 ro-

247 842 331 919 lunt,
357 843 600 925 angustioribus
626 841 806 926 quotannis
832 843 979 907 terminis
1005 842 1118 907 studia
1143 842 1353 905 circumsetis

246 945 338 1021 bunt,
365 949 398 1009 et
411 945 582 1010 utilitatem
595 943 891 1031 praestantiamque
906 945 1014 1010 omnis
1027 945 1191 1010 doctrinm
1201 944 1359 1008 liberulis.
1419 941 1423 948 '

247 1047 344 1114 unice
357 1053 497 1131 qnmetu
503 1052 538 1111 et
547 1050 652 1128 luero,
668 1048 820 1134 quodzex
827 1068 870 1113 ea>
879 1055 982 1132 quam
992 1047 1355 1131 primum.fneer'epos-¹

236 1148 325 1236 sint,
343 1151 534 1228 neuunnn,
558 1165 691 1235 quodne
709 1150 875 1234 inlocum
888 1155 1057 1216 aeenratee
1081 1157 1115 1214 et
1135 1150 1255 1215 solidae
1277 1170 1354 1213 erus

246 1251 397 1336 didonis,
407 1253 451 1328 ad
465 1272 568 1337 qnam
578 1256 719 1339 majores
727 1254 836 1319 noste·
852 1255 1056 1338 aspirabant,
1070 1253 1254 1337 popularis,
1269 1272 1353 1336 qnae·

247 1353 380 1433 dieitur,
404 1356 541 1421 scientie
565 1357 619 1421 nel
635 1357 752 1442 jejuna·
764 1360 800 1421 et
812 1356 971 1440 insipiens
986 1356 1153 1439 sapientia
1173 1355 1355 1422 succedere

247 1459 368 1541 coepit,
379 1463 412 1526 et
424 1458 558 1542 ingenia
570 1459 655 1523 luxu
668 1464 828 1524 enervate
840 1460 913 1524 sire
928 1459 1007 1537 otio,
1022 1460 1131 1541 nugis,
1148 1460 1252 1521 rebus
1262 1457 1354 1521 ludi,

246 1559 317 1626 cris.
326 1561 521 1646 deliciisque
534 1566 731 1646 pascuntur,
754 1562 827 1626 sive
852 1562 896 1646 ab
918 1561 974 1638 iis,
1003 1581 1079 1644 qnae
1096 1561 1356 1643 cognominus.

245 1668 322 1728 sunt
348 1683 390 1729 an
414 1662 546 1742 debent,
571 1663 618 1729 ad
635 1668 748 1729 rorum
762 1667 914 1747 portento
927 1683 968 1727 ac
981 1668 1128 1740 monstra
1143 1663 1196 1727 vel
1208 1661 1354 1746 puerilia

244 1764 494 1846 obleotanmuta,
510 1787 588 1851 quae
600 1766 740 1850 intelligi
750 1785 811 1831 nec
825 1766 904 1831 lium
917 1786 980 1831 uec
993 1762 1139 1850 prodest,
1151 1765 1329 1829 deflectunt
1338 1784 1355 1845 3,

243 1866 320 1945 hec,
334 1868 483 1953 inquam,
498 1874 595 1935 aetate
608 1870 798 1935 sexcenties
805 1869 891 1934 mihi
899 1873 962 1936 usu
973 1868 1074 1946 venit,
1084 1873 1122 1933 ut
1131 1888 1202 1932 non
1207 1866 1354 1951 juvems,

242 1974 380 2049 tantum,
405 1971 466 2036 sed
487 1974 592 2057 ipsos:
604 1974 706 2052 etiam
725 1991 841 2038 eorum
858 1974 1043 2056 magistros,
1070 1972 1194 2055 quique
1208 1969 1300 2034 docti
1315 1972 1356 2032 et

242 2073 306 2137 sbi
322 2074 669 2158 riderenttulronrines
682 2080 715 2142 ά
728 2076 772 2139 eb
785 2073 861 2140 aliis
874 2073 1083 2150 haberentur,
1103 2073 1139 2136 in
1152 2074 1196 2137 iis
1209 2072 1348 2149 baerere,

241 2195 348 2260 eaque
367 2178 424 2242 vel
443 2179 604 2262 ignorare,
629 2178 685 2242 vel
697 2177 863 2243 nonsatis
880 2177 1059 2261 perspicue
1070 2180 1107 2239 et
1118 2173 1274 2239 docmate
1287 2193 1356 2238 em.

241 2278 368 2360 plicare
392 2279 550 2360 viderem,
577 2298 654 2365 quae
678 2285 791 2345 tamen
814 2279 932 2345 facilia
956 2279 1063 2362 iisqne
1084 2277 1259 2342 notissima
1284 2296 1350 2359 pu·¹

241 2385 360 2460 taram
405 2378 525 2466 Itaque
551 2382 632 2468 qnid
656 2382 707 2448 illi
729 2381 853 2447 seirent
874 2386 909 2447 et
931 2382 1157 2466 intelligerent,
1179 2398 1247 2443 non·
1267 2377 1353 2464 quid·

242 2484 329 2548 seire
344 2487 379 2550 et
393 2485 570 2570 intelligere
583 2487 749 2565 deberent,
765 2484 1010 2570 respiciendum
1024 2485 1119 2562 duxi,
1136 2503 1261 2548 memor
1275 2486 1350 2546 ver·

240 2585 360 2650 bolum
384 2586 526 2655 Christis
549 2590 580 2651 ui
604 2586 708 2676 xpeto-a
736 2588 854 2674 ἴχουσιν
877 2593 903 2652 oi
929 2586 1075 2674 ἰέσχύοπες
1102 2590 1209 2671 ἰατροῦ,
1231 2585 1299 2647 ἀλλ’
1317 2588 1349 2647 υἱ

241 2690 337 2762 uuir
351 2687 474 2776 ἔχοντις.
517 2692 685 2757 Praeterea
697 2694 883 2778 nonnuliis,
892 2692 999 2756 ‘etiam
1014 2691 1098 2755 satis
1112 2689 1230 2767 doctis,
1257 2686 1349 2753 aooi·

241 2791 320 2859 dere
342 2794 438 2872 solet,
463 2795 499 2859 id
521 2796 612 2878 qnod
626 2796 690 2859 sibi
705 2795 870 2861 occidisse
885 2813 1112 2878 saepenumero
1127 2791 1353 2857 casaubonus·

240 2899 276 2959 et
289 2894 418 2962 Ernesti
430 2896 629 2976 folcbertum,
652 2902 699 2975 nt,
724 2897 803 2963 dum
826 2898 894 2983 ipsi
918 2899 1031 2981 legunt
1054 2896 1122 2960 sibi
1141 2896 1244 2959 rerba
1266 2896 1348 2958 auos

239 2999 332 3076 toris,
356 3000 517 3066 facillima
539 3002 605 3066 sibi
629 3001 812 3080 rideantur,
837 3020 912 3086 qnae
938 2996 1087 3064 difficilia
1113 2997 1288 3081 explicatu
1312 3000 1352 3060 et

240 3101 386 3167 obseura
407 3122 480 3167 esse
503 3102 688 3186 intelligant
710 3109 781 3168 tum
798 3105 943 3180 demum,
969 3102 1136 3167 cumuliis
1151 3120 1262 3165 eornm
1276 3095 1346 3163 vim

240 3220 282 3267 ao
296 3221 429 3267 sensnm
444 3202 597 3269 distinete
609 3204 786 3289 plenisque
795 3206 907 3270 verbis
913 3204 1147 3288 interpretandi
1157 3200 1344 3286 peniculum

239 3302 377 3370 facient.
421 3305 502 3370 Huc
527 3306 676 3385 accedit,
696 3305 750 3393 (ut
763 3307 867 3371 verba
882 3306 935 3370 Ill.
955 3300 1083 3389 Heynii
1097 3307 1132 3369 in
1147 3303 1284 3370 Pressas
1300 3301 1347 3366 ad

239 3400 359 3490 Vir'gil.
387 3407 430 3473 Τ.
459 3426 484 3472 1,
514 3425 555 3473 u.
584 3413 618 3472 et
647 3425 704 3474 111.
732 3426 816 3473 mea
842 3406 984 3491 faciam)
1013 3406 1105 3491 quod
1131 3407 1237 3470 multa
1263 3399 1346 3468 mihi

239 3508 403 3574 monenda
418 3510 528 3590 suem,
552 3530 627 3576 cnm
641 3513 856 3595 interpretum
870 3511 1017 3593 aliquem
1030 3517 1065 3573 et
1076 3509 1184 3572 virum
1197 3506 1344 3582 doctum,

241 3608 393 3696 quemuis
408 3634 430 3678 a
443 3632 574 3679 menon
586 3615 803 3695 nominatum,
827 3614 861 3676 in
882 3613 953 3677 hoo·
969 3612 1021 3678 rel
1035 3613 1093 3676 illo
1108 3613 1185 3675 loco
1197 3615 1232 3674 et
1242 3609 1352 3672 verbo

240 3713 377 3779 hasisse
400 3722 458 3781 aut
480 3715 610 3800 lapsum
638 3737 713 3781 esse
732 3716 900 3796 viderem
923 3734 1002 3800 qnee
1017 3721 1127 3780 tamen
1145 3712 1260 3777 monui
1278 3711 1350 3775 tere

238 3816 340 3881 verbo
364 3819 501 3895 tantum,
525 3820 720 3904 phrumqne
734 3819 826 3882 nulle
840 3818 909 3882 elia
921 3837 968 3895 re,
982 3837 1082 3903 quam
1096 3816 1350 3896 rerainterpre«

239 3918 361 3983 tatione
375 3921 541 4006 subjecta,
568 3929 605 3987 ut
626 3922 830 3999 adolescens,
855 3923 913 4005 qui
927 3923 963 3985 in
977 3921 1116 3984 similem
1130 3935 1271 3982 errorem
1287 3918 1349 3978 ent

240 4019 464 4101 difficultatem
489 4025 606 4088 autin
629 4023 769 4088 eundem
793 4024 1004 4107 interpretem
1030 4019 1201 4095 incideret,
1231 4016 1349 4080 statim

239 4121 385 4202 haberet,
400 4145 468 4208 qno
483 4145 559 4190 eum
571 4126 799 4208 redargueret:
823 4131 894 4189 tum
908 4118 1223 4205 formulam&
1233 4122 1347 4200 perse

240 4221 324 4289 sorte
347 4234 421 4293 erat
439 4226 522 4292 satis
544 4226 634 4306 nem,
658 4246 746 4295 oum
763 4225 996 4304 cumulassent
1014 4223 1073 4289 elii
1094 4219 1259 4304 exem'ph,
1285 4215 1351 4297 sed
