3059 4925
114 297 117 304 ’
248 312 272 377 4
695 287 904 377 enarrare.

246 486 300 547 est
312 481 356 546 ad
366 499 500 545 manum
513 497 586 545 esse
600 483 670 543 mm
688 478 825 542 codices
840 476 912 560 ejus
925 476 1066 560 scriptos
1080 481 1114 541 et
1127 473 1243 556 editos,
1265 494 1348 559 quo·

244 604 468 668 rummagnus
483 589 534 647 est
547 601 714 659 numerus,
736 587 807 646 tum
832 584 976 664 optimas
1001 589 1181 646 ceterorum
1204 582 1348 666 antiqui·
1464 601 1466 610 ‘

181 674 184 686 ’
244 689 311 753 oris
337 689 403 753 aevi
439 693 609 752 auctorum
635 685 808 763 editioneS,
844 685 1030 768 multosque
1059 685 1143 748 alios
1177 683 1281 749 libros
1313 688 1348 748 et

244 792 508 867 commentarios,
531 790 653 872 quibus
678 795 712 853 et
733 789 883 853 recensio
897 794 930 854 et
949 790 1172 873 interpretatio
1186 787 1275 852 illius
1289 786 1348 852 ad·

238 892 352 977 juvari
376 898 486 976 queat.
531 892 644 976 Hujus
669 912 750 956 uero
776 893 991 975 supellectilis
1015 893 1174 969 librariae,
1207 910 1283 974 quae
1313 893 1346 955 et

241 1001 334 1061 tanta
348 1005 411 1075 est,
434 995 559 1085 etmihi
573 994 718 1077 quidem,
740 997 797 1077 qui
815 996 858 1058 ab
873 997 962 1058 omni
977 1001 1047 1060 tam
1072 995 1218 1078 publicae
1246 1011 1347 1075 quam

241 1099 383 1181 priuatae
399 1096 621 1175 bibliothecae,
644 1097 751 1179 copiis
774 1098 928 1161 litorariis
947 1099 1128 1175 instructae,
1151 1116 1216 1159 usu
1233 1094 1347 1159 exclu-

242 1219 301 1266 sus
315 1222 401 1281 sum,
424 1221 521 1286 paene
536 1200 641 1266 omnis
655 1199 787 1264 aliunde
806 1201 992 1283 colligenda
1012 1202 1087 1280 fuit,
1109 1202 1161 1266 vel
1176 1201 1347 1263 minimam

240 1311 369 1390 partem
394 1306 585 1387 conquirere
607 1323 709 1386 quam
732 1302 867 1367 difficile
892 1305 1001 1383 fucrit,
1031 1303 1128 1370 facile
1147 1304 1346 1385 intelligitur.

241 1405 385 1471 Illustris
403 1407 536 1492 quidem
550 1405 707 1484 Harum,
730 1426 807 1489 quae
838 1426 995 1489 generosa
1018 1408 1092 1491 ejus
1118 1405 1347 1471 benevolentia

240 1515 304 1586 est,
326 1509 407 1574 mihi
421 1509 519 1572 etiam
533 1509 618 1572 ultro
632 1508 803 1586 librorum,
827 1511 947 1591 quibus
962 1529 1118 1586 carerem,
1141 1529 1237 1573 usum
1250 1509 1346 1572 obtu-

241 1610 291 1676 lit.
336 1604 404 1674 800
434 1629 566 1675 ornnem
590 1630 698 1675 meam
725 1630 864 1694 operam
883 1611 1059 1676 lectoribus
1082 1612 1189 1676 minus
1213 1610 1347 1694 probari

239 1713 350 1797 iisque
364 1712 623 1797 haudquaquam
643 1713 838 1777 satisfacere
852 1714 965 1793 malui,
989 1735 1099 1801 quam,
1123 1705 1255 1799 quoties
1270 1711 1346 1779 Viri

241 1817 383 1894 Summi,
406 1822 454 1881 tot
470 1821 604 1900 tamque
619 1818 777 1900 gravibus
792 1820 931 1901 negotiis
955 1818 1110 1898 districti,
1133 1839 1198 1903 ope
1219 1817 1346 1898 indigc-

239 1940 321 1997 rem,
351 1938 425 1983 eam
449 1920 639 2002 implorare.
685 1920 788 1999 Quod
811 1928 922 1986 tamen
945 1923 988 1986 ad
1015 1923 1148 1988 codices
1171 1919 1346 1988 luvenalis

238 2027 310 2086 turn
323 2022 581 2104 manuscriptos
596 2026 664 2086 turn
679 2024 787 2088 editos
802 2025 929 2103 attinet,
951 2026 1052 2108 plane
1071 2024 1224 2106 indignus
1239 2022 1345 2086 forem

237 2124 469 2192 benevolentia
508 2126 793 2190 celeberrimorum
834 2128 1222 2210 humanissimorumquc,
1259 2143 1363 2208 quos,

239 2232 323 2290 aetas
339 2234 453 2294 nostra
466 2227 553 2305 tulit,
575 2230 732 2308 virorum,
753 2231 818 2294 nisi
839 2231 1026 2314 gratissimo
1040 2229 1343 2314 profiterer-animo,

237 2348 291 2392 me
305 2335 430 2395 tantam
442 2332 575 2396 illorum
590 2333 724 2416 copiam
738 2334 771 2396 ei
792 2338 965 2416 acceptam
979 2334 1108 2411 referre,
1131 2339 1168 2396 ut
1181 2332 1342 2395 decimam

238 2433 298 2519 vix
320 2437 447 2517 partem
471 2436 627 2519 cuiquam
652 2436 833 2520 contigisse
859 2437 1063 2516 crediderim,
1087 2437 1145 2521 qui
1166 2432 1345 2500 accesserit

239 2534 282 2598 ad
298 2535 431 2619 poetam
445 2543 592 2602 nostrum
603 2537 778 2603 edendum.
824 2538 922 2603 Misit
946 2541 989 2603 ad
1012 2559 1066 2604 me
1088 2540 1231 2603 Harae
1252 2537 1344 2603 codi-

238 2656 310 2700 cem
325 2636 564 2723 Kulenkamp,
587 2639 854 2705 Schurzfleiscbii
880 2642 1029 2726 spicileg.
1055 2643 1290 2707 animadversa
1310 2639 1345 2703 in

236 2736 391 2804 Juvenal.
416 2746 448 2804 et
470 2740 561 2807 editt.
591 2739 735 2806 Aldinas
760 2749 839 2822 tres,
872 2742 971 2808 Rom.
1001 2765 1065 2827 pr„
1099 2743 1218 2808 Venet.
1245 2743 1343 2807 1475.

192 2874 195 2883 ·
237 2841 334 2904 1478.
364 2843 461 2907 1482.
481 2843 577 2907 1486.
603 2843 701 2908 1487.
728 2845 825 2910 1492.
852 2844 1343 2912 1494.1501.1515.1710001.

236 2943 335 3009 1480.
359 2946 455 3009 Brix.
482 2945 580 3010 1486.
611 2945 822 3028 Norimberg.
850 2948 947 3015 1497.
977 2948 1086 3031 Lugd.
1114 2949 1212 3013 1507.
1242 2948 1343 3012 1560.

236 3046 333 3110 1564.
358 3047 468 3112 Paris,
493 3047 591 3113 1528.
615 3048 712 3124 1535.
736 3048 1060 3117 154415451616.
1088 3050 1341 3136 (1000001529.

236 3146 397 3232 Antverp.
412 3151 509 3213 1505.
533 3149 695 3214 Hirrus
710 3153 826 3216 variet.
843 3153 924 3217 cod.
935 3158 968 3218 et
985 3154 1118 3237 Fragm.
1133 3154 1264 3237 Erlang.
1282 3155 1341 3219 Da

237 3248 382 3314 Hermu
408 3251 469 3336 (ex
499 3253 657 3317 Biblioth.
687 3253 851 3320 Sereniss.
879 3257 987 3321 Ducis
1017 3256 1237 3341 oldenburg.)
1259 3257 1341 3322 edit.

236 3350 344 3434 Lugd.
360 3355 457 3418 1501.
484 3359 517 3418 et
539 3357 635 3420 Brix.
650 3359 747 3422 1501.
794 3359 1037 3423 ΝοτΗΝΑοΕι.
1053 3369 1187 3426 auctore
1203 3360 1340 3424 KOEurc

235 3473 321 3519 varr.
345 3456 419 3518 lect.
444 3457 517 3520 cod.
541 3457 706 3524 Schwarz.
730 3466 763 3523 et
784 3460 875 3526 editt.
896 3462 981 3526 Ven.
1004 3464 1103 3528 1491.
1124 3466 1220 3529 1512.
1243 3464 1341 3528 Brix.

235 3557 333 3621 1501.
350 3557 443 3640 Lips.
465 3559 561 3624 1504.
578 3559 701 3645 Argen.
715 3564 813 3628 1527.
839 3565 998 3630 Lirem
1020 3567 1118 3631 codd.
1134 3566 1339 3652 Guelferbyt,

236 3664 386 3741 quatuor,
432 3662 566 3727 Dracen
592 3686 679 3730 varr.
708 3666 800 3732 lectt.
830 3668 969 3732 duorum
996 3670 1093 3734 codd.
1128 3670 1337 3735 Schiinborn.

129 3778 135 3789 “
236 3755 526 3828 Vaesanuarmr
554 3769 704 3831 varietat.
727 3769 802 3833 000.
819 3769 1000 3850 1110000010,
1023 3770 1341 3836 (10100000οΜ-

236 3877 330 3925 R1Nc
354 3865 451 3930 codd.
474 3867 557 3932 duos
583 3868 757 3944 Gothanos
778 3877 811 3936 et
845 3872 1013 3939 Plathneri
1045 3875 1152 3940 Lectt.
1184 3873 1339 3939 Juvenal.

235 3963 341 4028 Buca
365 3974 402 4038 et
420 3967 584 4034 Korama
608 3973 681 4037 cod.
706 3974 802 4059 Lips.
826 3982 860 4040 et
883 3978 975 4043 editt.
999 3978 1094 4061 Lips.
1127 3978 1224 4043 1497.
1239 3979 1339 4042 1507.

234 4062 442 4135 17001498.
476 4070 612 4155 Argent.
636 4077 733 4167 1518.
761 4079 976 4164 Heidelberg.
1007 4082 1103 4146 1599.
1149 4081 1338 4145 chflrau-

236 4182 344 4234 00οιιο
371 4178 403 4238 et
429 4172 736 4244 Fnruneurarrr.
759 4181 849 4247 lectt.
875 4184 950 4247 000.
978 4183 1165 4268 Hamburg.
1191 4189 1226 4250 et
1246 4183 1339 4253 editt.
