3059 4925
253 343 298 410 ω
760 359 850 408 vrrs

644 556 714 625 CL.
740 554 970 622 snumnsn

255 695 295 760 Iu
317 694 493 762 luvenalis
514 691 644 775 Vitam,
667 716 689 761 a
702 694 874 773 Suetonio,
888 699 926 759 ut
940 693 1040 777 vulgo
1054 697 1183 777 putant,
1197 645 1357 778 scriptam

295 797 570 876 Commentarius,
585 798 643 882 qui
667 798 846 883 legiturin
868 798 941 883 ejus
963 795 1114 861 Exercit.
1138 795 1302 864 Pliniauis
1322 798 1356 861 in

294 901 399 967 Solini
415 922 445 968 c.
460 902 515 968 32.
529 922 565 985 p.
578 901 655 967 319.
668 920 744 986 sqq.
758 900 815 980 (al.
829 901 906 966 449.
920 898 1013 986 sqq.)

251 1135 417 1200 Snurrrns
442 1133 647 1216 iuvenalem
665 1134 699 1198 in
725 1135 803 1199 loco
829 1135 923 1199 exilii
943 1135 1132 1219 scripsisse,
1158 1134 1223 1216 boc
1245 1134 1355 1207 estin

250 1236 411 1321 AEgypto,
439 1241 538 1319 atque
569 1237 617 1299 ibi
645 1235 829 1301 decessisse
857 1237 968 1321 placet
992 1237 1162 1321 plerisque
1187 1239 1353 1318 veterum:

250 1339 388 1404 missum
402 1345 511 1403 autem
525 1357 583 1422 per
597 1338 743 1422 speciem
757 1338 890 1405 honoris
912 1341 947 1404 in
962 1338 1145 1425 AEgyptum
1159 1337 1203 1402 ad
1216 1336 1360 1422 praetem

249 1446 356 1505 turam
372 1440 517 1506 cohortis
532 1443 597 1506 sub
611 1440 818 1521 Domitiano,
832 1444 923 1528 quod
937 1443 1095 1508 Paridem
1107 1441 1354 1507 Pantomimum

249 1544 286 1606 in
300 1543 378 1607 aula
388 1547 467 1607 tnnc
481 1544 660 1627 gratiosum
675 1545 800 1629 scripto
816 1547 951 1611 satirico
961 1546 1115 1623 laesisset
1130 1546 1260 1613 uadunt
1273 1542 1355 1619 Dio,

250 1644 385 1724 Suidas,
399 1651 432 1710 et
453 1652 548 1711 vetus
573 1646 687 1711 Schol.
713 1647 756 1711 ad
778 1647 850 1713 Sat.
875 1665 926 1712 rv.
941 1647 999 1714 38.
1044 1648 1126 1713 Hoc
1149 1648 1302 1712 ultimum
1324 1645 1355 1709 si

248 1748 378 1813 veritati
393 1756 647 1818 consentaneum
669 1756 732 1827 cst,
756 1758 888 1839 oportet
906 1773 982 1817 enm
995 1752 1133 1817 rediisse
1146 1756 1224 1836 post
1238 1749 1356 1814 Domi·

247 1849 330 1914 tiani
344 1870 538 1917 excessum:
559 1871 637 1916 nam
660 1857 693 1916 et
720 1852 842 1942 Romae
863 1856 994 1920 vixisse
1017 1858 1097 1940 post
1116 1852 1355 1929 Domitianum,

249 1956 283 2015 et
296 1954 469 2036 scripsisse
482 1954 588 2019 multo
601 1961 688 2035 sunt,
699 1976 775 2039 quae
790 1956 919 2023 saciant
931 1956 1042 2024 tidem.
1066 1955 1234 2021 Martialis
1247 1955 1270 2019 l.
1282 1970 1353 2018 xrr.

249 2052 541 2137 Epigrammatum,
553 2043 631 2140 uuae
642 2060 706 2125 snb
714 2057 861 2144 Trajano
876 2061 1060 2143 composita
1072 2064 1106 2123 et
1118 2059 1258 2123 collecta
1268 2062 1355 2134 sunt,

250 2156 371 2224 Romae
385 2178 461 2223 eum
475 2164 552 2228 tuno
567 2159 671 2225 fuisse
686 2166 800 2244 aperte
814 2161 960 2227 ostendit
975 2160 1176 2246 Epigramm.
1190 2159 1245 2224 18.
1266 2154 1356 2222 ‘Du-

250 2271 286 2323 τα
299 2258 444 2345 forsitan
465 2261 619 2347 inquietas
641 2283 727 2326 erras
749 2260 896 2327 Clamoso
924 2260 1089 2328 Juoeuulis
1103 2261 1137 2325 iu
1155 2259 1294 2337 Subura,
1310 2259 1359 2325 Et

249 2359 356 2432 collem
369 2360 588 2427 dominareris
607 2359 735 2446 Diona,
761 2374 824 2432 cet.
868 2365 958 2450 Engo
982 2365 1104 2432 Romae
1129 2369 1211 2443 erat,
1233 2384 1298 2428 non
1321 2364 1356 2428 in

250 2463 412 2549 AEgypto,
428 2464 503 2530 oum
518 2465 659 2531 Satiram
673 2484 739 2533 xv,
754 2467 796 2533 de
811 2469 1102 2553 superstitionibus
1110 2468 1250 2553 AEgypti
1262 2466 1355 2532 lude·

249 2568 317 2644 bat,
333 2573 366 2630 et
379 2565 500 2632 salsum
515 2569 597 2634 dicit
610 2576 706 2634 vetus
721 2572 894 2656 interpres,
911 2573 967 2657 qui
985 2572 1142 2656 scriptam
1157 2571 1193 2634 in
1206 2569 1356 2653 AEgypto

250 2673 377 2739 asserit.
420 2671 592 2759 Hadriani
605 2676 808 2760 temporibus
832 2677 1038 2743 elaboratam
1062 2679 1203 2759 arguunt
1224 2674 1292 2738 ista
1311 2692 1356 2738 ex

247 2774 364 2838 eadem
379 2774 452 2840 Sat.
462 2794 515 2839 vs.
530 2775 594 2840 27..

333 2906 401 3075 gor
415 2909 560 2975 miranda
580 2913 713 2998 quidem,
728 2913 783 2978 scd
796 2936 894 3001 nuper
911 2910 1043 2980 Consule
1059 2910 1158 2979 Junio
1207 2974 1211 2981 .

370 3023 445 3077 estu.

247 3148 304 3213 Ita
316 3149 393 3213 libri
408 3169 534 3229 omnes,
548 3171 613 3216 non
632 3148 665 3214 V
661 3154 730 3216 iaco
745 3155 800 3220 vel
814 3150 930 3220 Junco.
976 3155 1210 3240 Dissyllabum
1224 3157 1276 3218 est
1291 3146 1354 3215 Ju-

179 3354 183 3362 .
247 3248 311 3329 nio,
327 3257 365 3316 ut
382 3247 598 3317 Vindemiutor
608 3257 854 3342 tetrasyllabum
867 3258 1024 3337 Horatio,
1039 3264 1073 3323 et
1088 3253 1296 3329 Nasidienus3
1317 3258 1355 3323 ut

746 3389 854 3442 NOTAE

246 3480 364 3545 perierit,
381 3481 509 3546 quomodo
532 3497 548 3532 e
569 3483 719 3535 Domitiano
735 3501 780 3536 ex·
820 3493 845 3538 et
875 3487 974 3549 Μαι·
999 3488 1162 3553 principatum
1189 3484 1355 3550 upemicine,

246 3563 355 3612 tendere
367 3568 472 3612 etatem
487 3562 573 3626 potnit
590 3562 624 3612 ed
641 3565 737 3614 Nervae
752 3572 782 3614 et
822 3563 998 3629 quasdemnrn
1008 3563 1114 3628 excepit
1127 3563 1285 3613 Hadrianus.
1311 3561 1356 3611 Vi·

245 3639 349 3704 trajani
360 3639 552 3703 principatum?
569 3653 632 3689 sane
643 3640 781 3690 indecem
820 3640 917 3690 dentur
926 3647 1013 3691 nutem
1022 3641 1102 3689 rerba
1111 3641 1142 3703 ed
1154 3640 1243 3689 Nerea
1253 3645 1277 3690 et
1295 3639 1356 3688 llo·

246 3724 274 3765 et
295 3717 384 3780 plures
405 3730 485 3780 snpra
507 3722 613 3766 centum
632 3731 713 3766 annos
736 3733 780 3766 ex·
813 3717 870 3780 jusi
888 3718 1051 3782 pbdpdum
1069 3718 1219 3781 mperatum
1236 3732 1269 3766 ex
1287 3730 1356 3766 mer·

246 3791 330 3858 plesse
350 3798 472 3855 oportet:
497 3791 535 3843 uit
554 3798 582 3842 et
604 3792 729 3854 Crinitus,
752 3809 781 3842 se
821 3794 918 3858 giue'in
927 3792 957 3842 rb
967 3791 1073 3854 adesum
1083 3793 1246 3843 librariorum
1256 3791 1356 3842 henric

245 3867 357 3918 necdum
374 3867 502 3931 reperisse
513 3867 582 3931 apud
597 3875 716 3917 auctores
727 3867 780 3916 fide
818 3869 928 3930 intrusa,
949 3868 1067 3934 adeoque
1095 3868 1215 3917 delenda.
1259 3866 1355 3932 Neque

245 3945 508 4009 dignos‚.luvenelem
518 3943 780 4008 subDomitinnopul·
818 3959 880 3994 seue
896 3944 929 3994 ad
948 3945 1054 4010 Trajuni
1073 3950 1189 4007 etatem,
1200 3942 1246 3994 red
1260 3950 1289 3993 et
1299 3942 1354 3993 He·

246 4036 310 4071 sum.
344 4020 419 4073 Quod
432 4021 455 4069 ri
469 4019 537 4071 forte
549 4019 609 4068 Θεὸν
619 4019 691 4068 curun
702 4021 778 4070 intel·
819 4020 903 4070 drieni
914 4022 1053 4087 perreuit3
1069 4019 1355 4087 sesquimarcam·

245 4100 311 4162 liger
328 4097 465 4155 Antinoum,
485 4105 531 4147 sut
551 4110 599 4162 pro
619 4095 690 4146 aurbs
708 4097 779 4162 legar
819 4103 965 4162 temporum
988 4096 1126 4163 totietate,
1144 4097 1251 4147 videtur
1269 4096 1355 4161 plera·

246 4172 371 4236 Ἀντίνοος,
381 4173 563 4239 repugnabunt
572 4174 716 4238 sequentia,
724 4175 779 4238 qui·
819 4189 871 4239 que
883 4173 1033 4238 scripsisse!

246 4251 294 4301 bus
305 4249 401 4301 dicitur
415 4251 514 4302 bom
530 4264 635 4300 reum
647 4254 679 4301 cd
690 4252 779 4302 Nerroe
