3059 4925
251 330 319 404 101
532 346 583 396 uu
605 343 688 400 sar.
709 340 869 404 unornrr,
892 335 1066 402 uousrrr,

249 488 477 568 etfloraeus,
495 486 770 574 philosophorum
785 491 887 556 sectae
906 487 970 555 suit
993 486 1180 567 addictns,⁴
1198 479 1352 559 nee‘urse-
1495 489 1500 498 '

250 585 319 680 rior
332 593 475 678 ingenio,
497 611 539 659 ac
560 591 713 677 superior
724 592 839 658 sorsau
852 592 1022 677 exquisita
1036 610 1147 657 rernm
1161 588 1353 674 cognitione

250 703 353 782 atque
364 696 522 775 doctrina,
546 695 606 762 sed
621 694 792 764 affectator
814 713 1049 780 nonnunquam
1064 694 1156 772 artis,
1179 687 1281 778 quam
1293 687 1353 757 diu
1497 715 1501 782 ;

251 798 488 882 diligenterque
506 794 720 866 inrbetorum
733 794 1072 865 scholisexercuerot.
1116 791 1355 861 Idemnonfn·
1497 791 1501 802 '

249 907 348 968 nesta
361 901 551 970 tantumrei
573 900 722 985 publices
737 906 890 987 tempora
899 900 994 980 vidit,
1006 898 1069 965 sed
1082 898 1194 965 felicia
1206 915 1355 983 quoque,
1498 903 1502 920 ¹

250 1004 371 1089 quibus
392 1024 435 1070 ea
457 1024 503 1072 ex
520 1004 674 1071 diuturno
688 1004 788 1089 quasi
806 1005 923 1069 morbo
938 1023 960 1068 a
973 1002 1186 1087 Vespasiano
1209 1000 1353 1085 primum

251 1104 394 1185 aefflito,
409 1111 444 1173 et
457 1106 576 1173 deinde
590 1125 613 1172 e
626 1104 753 1185 Nerva,
770 1103 929 1192 TraJano,
943 1110 978 1171 es
992 1104 1177 1184 Hadriano,
1198 1101 1353 1170 remediis

251 1206 415 1280 interdum
427 1207 728 1274 vehementioribus
749 1213 910 1288 recreata,
932 1208 1088 1274 omnibus
1108 1208 1178 1272 sere
1199 1206 1353 1291 partibus

251 1311 443 1380 convalrdt:
464 1309 553 1376 unde
566 1312 687 1377 satiras
701 1329 849 1395 quoque,
864 1330 948 1397 quas
959 1311 1096 1397 juvenis
1110 1308 1299 1394 scripserat,
1318 1313 1354 1373 et

249 1412 310 1482 diu
323 1433 367 1480 ne
377 1412 510 1480 modico
523 1414 657 1498 quidem
669 1414 834 1480 auditorio
847 1415 1050 1480 committere
1062 1431 1167 1478 ausus
1181 1415 1262 1493 erat,
1283 1416 1353 1488 tum

250 1515 285 1584 iu
297 1516 417 1599 vulgus
431 1520 503 1583 tuto
516 1514 706 1594 edere‚tum
719 1516 859 1600 politius
872 1517 988 1581 limare
1001 1518 1121 1601 potuit.

294 1613 426 1696 Exhis,
448 1635 524 1701 quse
540 1615 582 1681 de
596 1617 813 1703 temporibus,
835 1617 987 1701 ingeniis,
1010 1617 1130 1683 studiis
1142 1617 1354 1701 moribusque

251 1718 398 1799 Horatii,
418 1718 540 1798 Persii,
560 1725 595 1785 et
615 1718 792 1787 luvenalis
806 1720 966 1800 diximus,
980 1720 1077 1787 facile
1094 1722 1148 1787 vel
1171 1721 1280 1805 colligi
1299 1719 1355 1785 vel

249 1823 414 1908 explicari
434 1826 575 1907 possunt
595 1822 734 1888 virtutes
756 1828 792 1889 et
814 1822 900 1889 vitia
921 1844 1046 1904 eorum,
1071 1831 1142 1890 tam
1165 1822 1355 1891 communia

250 1944 351 2010 qnam
373 1925 482 1992 cnivis
504 1925 651 2010 proprie,
674 1946 750 2010 quae
771 1923 858 1991 nunc
881 1926 997 1992 eadem
1019 1927 1182 1993 brevitate
1204 1943 1354 1991 recense·

248 2025 371 2094 bimus.
405 2039 408 2046 ’
1340 2029 1344 2042 ‘

203 2123 209 2130 ’
291 2128 488 2198 Triumviris
521 2130 653 2215 quidem
680 2130 746 2197 illis
777 2132 950 2198 consilium
977 2150 1151 2198 commune
1177 2135 1248 2196 erat
1275 2146 1354 2194 cum

245 2231 402 2312 omnibus
424 2228 534 2316 politis
548 2231 708 2299 satiricis:
729 2237 765 2298 et
787 2231 906 2299 docere
927 2238 963 2300 et
982 2234 1156 2313 delectare,
1179 2250 1354 2316 moresque

248 2331 417 2400 bominum
432 2338 588 2419 tanquam
606 2335 642 2399 in
654 2335 748 2420 picto
760 2335 877 2401 tabula
890 2335 1098 2416 adumbrare,
1122 2336 1178 2401 sed
1193 2334 1289 2402 varia
1300 2353 1355 2398 re·

249 2433 349 2514 tione,
368 2454 431 2519 pro
445 2440 628 2522 temporum
641 2436 907 2524 ingeniorumque
920 2438 1124 2518 diversitate,
1140 2437 1352 2504 conabantur.

247 2532 342 2601 'Nam
355 2533 498 2621 Augusti
511 2543 619 2618 mtate,
632 2542 730 2607 rebus
744 2541 851 2606 adhuc
865 2541 953 2607 laetr's
962 2546 997 2608 et
1007 2541 1147 2625 imperio
1156 2540 1354 2623 legibusque

248 2635 448 2721 rigentibus,
470 2638 580 2729 ridere
590 2639 730 2724 licebat3
752 2639 902 2708 Neronis
916 2662 996 2709 vero
1017 2647 1050 2707 et
1072 2641 1258 2708 Domitiani
1273 2646 1355 2706 tem·

249 2739 401 2829 poribus,
415 2760 491 2806 cum
504 2743 616 2808 omnio
636 2762 775 2829 pessum
787 2744 883 2824 irent,
897 2744 1044 2829 vitiaque
1057 2745 1092 2809 in
1106 2743 1270 2828 praecipiti
1278 2742 1354 2828 jam

249 2846 373 2908 starent
394 2846 428 2908 et
449 2844 581 2910 acribus
600 2851 661 2912 aut
682 2846 837 2913 violentis
858 2852 991 2930 egerent
1006 2846 1170 2926 remediis,
1187 2844 1237 2932 (v.
1250 2843 1273 2910 J
1276 2862 1355 2915 uve·

248 2944 316 3011 nal.
340 2962 365 3010 1.
386 2946 441 3013 ss
460 2966 513 3034 sq.
545 2948 601 3016 63.
621 2967 674 3035 sq.
704 2950 760 3018 73.
781 2969 834 3038 sq.
863 2950 940 3019 147.
955 2969 1008 3035 sq.
1042 2966 1085 3016 rr.
1110 2948 1166 3015 25.
1187 2967 1241 3032 sq.
1273 2945 1354 3012 121.

249 3062 302 3131 sq.
335 3047 412 3114 162.
432 3067 485 3133 sq.
517 3066 575 3116 111.
600 3051 676 3117 150.
702 3049 774 3137 sq.)
809 3052 881 3117 risu
904 3070 1023 3136 parum
1043 3050 1288 3136 proiciebatur,
1319 3053 1356 3111 et

249 3148 347 3232 probi
381 3151 605 3236 sapientisque
638 3152 783 3219 hominis
810 3172 905 3219 mens
931 3155 1107 3239 angebatur
1135 3151 1261 3229 dolore,
1295 3147 1356 3233 qui

250 3246 310 3315 diu
338 3249 470 3334 alteque
502 3271 638 3338 pressus
664 3253 709 3321 ad
737 3254 995 3337 indignationem
1020 3260 1055 3322 et
1080 3255 1165 3321 iram
1197 3249 1355 3321 wdes-

250 3346 360 3417 cebet.
404 3350 573 3421 Preeteree
596 3354 730 3424 Horatii
751 3350 919 3440 ingenium
933 3356 1250 3441 elegantissimorum
1263 3353 1353 3438 prin·

250 3448 430 3539 cipumque
442 3455 587 3522 virorum
599 3456 823 3526 familiaritate
837 3458 1024 3540 subactum,
1046 3466 1080 3526 et
1093 3457 1136 3523 ed
1155 3456 1353 3522 bilaritatem

249 3553 450 3639 propensius
462 3562 533 3624 eret
548 3577 650 3644 quam
668 3559 712 3627 od
726 3561 934 3646 gravitatem.
978 3561 1074 3627 Idem
1087 3578 1219 3647 qnoque
1234 3576 1352 3623 censo·

745 3712 853 3765 NO'I'AE

249 3801 345 3862 gentes
354 3798 437 3852 veluti
447 3802 580 3867 pestilenti
591 3805 702 3871 quodem
712 3806 781 3860 side·
819 3809 930 3872 enituit3
947 3807 994 3860 sed
1005 3808 1092 3861 omnis
1102 3806 1174 3874 qussi
1191 3803 1284 3857 eodem
1293 3801 1352 3857 cibo

250 3887 280 3927 re
302 3872 410 3941 efflavit,
439 3877 565 3946 simulque
586 3888 709 3948 eorrupts
729 3884 783 3935 elo·
820 3892 896 3950 parts
904 3900 956 3939 non
970 3871 1349 3950 possemntusqussdsenec·

249 3951 366 4016 quentia
386 3954 476 4019 regula
499 3955 576 4009 stetit
593 3963 622 4008 et
642 3957 781 4011 obmutuit.
819 3966 902 4015 tutem
914 3961 1126 4016 mrmcere’cet.

251 4027 318 4083 Quis
329 4030 461 4093 postessd
478 4046 602 4085 summam
612 4034 782 4101 Thucydidis,
850 4041 866 4089 1
882 4040 916 4089 V.
933 4039 1029 4090 Horat.
1051 4037 1137 4101 Epist.
1152 4050 1173 4087 r.
1184 4039 1208 4099 1.
1218 4037 1258 4087 ts.
1269 4048 1307 4100 sq.
1320 4038 1349 4083 et

249 4104 308 4169 quis
319 4105 463 4172 Hyperidis
473 4108 508 4161 od
518 4108 613 4161 famem
633 4113 779 4176 prooessit?
817 4114 939 4168 lurensi.
947 4128 1011 4167 ιω.
1022 4117 1078 4168 121.
1085 4128 1125 4180 sq.

251 4178 294 4237 Ac
311 4195 345 4243 ue
362 4197 468 4239 csrmsu
485 4184 588 4253 quiden
610 4187 666 4240 sani
686 4189 782 4243 coloris
