3059 4925
107 277 109 282 ’
240 291 265 356 4
688 265 897 354 enarrare.

239 466 292 527 est
305 460 349 525 ad
359 478 493 524 manum
505 476 579 523 esse
592 462 662 522 tum
680 455 817 520 codices
832 454 905 539 ejus
917 454 1058 537 scriptos
1072 459 1107 519 et
1119 451 1236 533 editos,
1257 471 1340 537 quo·

237 583 460 646 rummagnus
475 567 527 626 est
540 581 706 638 numeruS,
729 566 799 624 tum
824 561 968 643 optimas
993 566 1174 624 ceterorum
1196 560 1341 643 antiqui-

174 653 177 666 '
238 667 304 731 oris
329 667 395 731 aevi
432 672 602 730 auctorum
628 664 801 740 editiones,
837 662 1022 746 multosque
1051 662 1135 725 alios
1169 661 1274 726 libros
1307 665 1341 725 et

237 770 501 845 commentarios,
525 769 645 851 quibus
671 773 705 831 et
726 767 875 830 recensio
889 773 923 831 et
941 767 1165 850 interpretatio
1180 765 1267 829 illius
1281 764 1341 829 ad-

231 872 345 957 juvari
369 877 479 956 queat.
524 870 637 954 Hujus
662 890 742 934 vero
769 870 983 954 supellectilis
1008 870 1167 947 librariae,
1199 888 1276 950 quae
1306 871 1340 931 et

234 981 327 1040 tanta
341 982 403 1053 est,
427 973 552 1063 etmihi
566 973 710 1055 quidem,
734 975 789 1055 qui
808 972 850 1035 ab
865 975 955 1037 omui
969 978 1039 1037 tam
1065 971 1211 1056 publicae
1238 988 1340 1052 quam

235 1078 376 1161 privatae
392 1074 614 1152 bibliothecae,
637 1075 744 1157 copiis
766 1075 921 1138 litorariis
939 1076 1121 1152 instructae,
1144 1093 1209 1136 usu
1225 1072 1340 1136 exclu-

235 1199 294 1245 sus
308 1201 394 1258 sum,
417 1199 515 1264 paene
529 1178 634 1242 omnis
648 1175 779 1241 aliunde
799 1177 985 1260 colligenda
1006 1179 1079 1257 fuit,
1102 1179 1155 1243 vel
1168 1178 1340 1241 minimam

234 1290 361 1369 partem
387 1284 578 1366 conquirere
601 1301 702 1364 quam
725 1279 860 1344 difficile
885 1281 994 1359 fuerit,
1024 1280 1121 1347 facile
1141 1281 1339 1362 intelligitur.

234 1384 377 1450 Illustris
396 1383 528 1472 quidem
545 1384 700 1462 Herus,
723 1403 800 1466 quae
831 1404 989 1465 generosa
1011 1385 1085 1469 ejus
1110 1382 1341 1447 benevolentia

234 1493 297 1565 est,
319 1488 399 1552 mihi
414 1487 512 1550 etiam
526 1487 611 1550 ultro
626 1486 796 1563 librorum,
820 1488 940 1568 quibus
955 1506 1111 1562 carerem,
1135 1506 1230 1550 usum
1243 1485 1339 1549 obtn·

234 1589 284 1656 lit.
330 1587 397 1653 Sed
427 1607 559 1652 omnem
583 1608 691 1651 meam
718 1607 857 1672 operam
876 1588 1052 1653 lectoribus
1075 1590 1182 1652 minus
1206 1586 1341 1671 probari

233 1691 343 1774 iisque
357 1689 616 1774 haudquaquam
637 1689 831 1754 satisfacere
846 1691 958 1769 malui,
982 1711 1092 1776 quam,
1116 1683 1248 1775 quoties
1263 1687 1339 1756 Viri

235 1795 376 1871 Summi,
399 1801 448 1859 tot
463 1801 597 1877 tamque
612 1795 770 1877 gravibus
786 1796 924 1877 negotiis
948 1794 1102 1873 districti,
1127 1816 1192 1880 ope
1212 1792 1340 1874 indige-

232 1918 314 1974 rem,
345 1915 419 1961 eam
442 1898 632 1980 implorare.
679 1897 781 1975 Quod
804 1903 916 1963 tamen
938 1899 982 1963 ad
1008 1899 1141 1964 codices
1164 1896 1340 1966 luvenalis

232 2004 305 2064 tum
317 2019 418 2065 manu
432 1999 575 2082 scriptos
589 2004 658 2063 tum
673 2000 780 2065 editos
795 2002 923 2080 attinet,
945 2002 1046 2084 plane
1063 2000 1217 2082 indignus
1233 1998 1339 2062 forem

231 2102 462 2170 benevolentia
502 2103 787 2167 celeberrimorum
827 2103 1216 2186 humanissimorumque,
1253 2119 1357 2185 quos¹

233 2212 317 2268 aetas
333 2211 447 2271 nostra
460 2204 546 2282 tulit,
568 2207 725 2284 virorum,
747 2208 811 2270 nisi
832 2208 1019 2291 gratissimo
1033 2203 1337 2290 profiterer'animq

232 2324 285 2370 me
299 2313 424 2372 tantam
435 2309 568 2372 illorum
583 2310 718 2393 copiam
732 2310 764 2373 ei
785 2315 958 2392 acceptam
972 2310 1101 2386 referre,
1125 2314 1161 2373 ut
1175 2308 1336 2371 decimam

232 2410 292 2496 vix
313 2414 440 2493 partem
464 2412 621 2494 cuiquam
646 2413 826 2496 contigisse
853 2412 1057 2491 crediderim,
1080 2412 1138 2496 qui
1159 2408 1339 2476 accesserit

233 2512 277 2576 ad
292 2512 425 2596 po‘etam
438 2519 585 2578 nostrum
597 2513 771 2579 edendum.
817 2515 916 2580 Misit
939 2516 982 2579 ad
1006 2535 1059 2579 me
1081 2515 1225 2579 Herus
1246 2512 1338 2578 codi-

232 2633 304 2678 cem
319 2613 557 2700 Kulenkamp.,
580 2615 848 2682 Schurztleischii
873 2618 1023 2702 spicileg.
1048 2618 1284 2681 animadversa
1304 2615 1339 2679 in

230 2713 385 2782 Juvenal.
410 2723 442 2781 et
464 2717 555 2782 editt.
585 2715 729 2782 Aldinas
754 2724 833 2798 treS,
865 2718 965 2784 Rom.
994 2741 1058 2803 pr„
1092 2718 1212 2783 Venet.
1238 2719 1337 2782 1475.

186 2850 189 2861 ·
231 2817 328 2882 1478.
358 2819 571 2884 14821486.
597 2820 695 2884 1487.
721 2821 819 2886 1492.
846 2819 1337 2887 1494.1501.1515.1115551.

231 2921 329 2986 1480.
353 2922 448 2986 Brix.
476 2922 574 2986 1486.
605 2921 816 3004 Norimberg.
844 2925 940 2990 1497.
971 2924 1079 3007 Lugd.
1108 2924 1206 2988 1507.
1236 2923 1337 2987 1560.

230 3023 327 3087 1564.
352 3024 462 3088 Paris,
486 3024 585 3089 1528.
609 3024 706 3100 1535.
730 3024 1054 3091 154415451616.
1082 3025 1224 3091 Cracov.
1236 3025 1335 3112 1529.

230 3123 391 3209 Antverp.
406 3127 503 3190 1565.
527 3125 688 3191 Halitus
704 3128 821 3193 variet.
837 3128 918 3193 cod..
929 3133 962 3192 et
979 3129 1112 3212 Fragm.
1126 3129 1258 3212 Erlang.
1276 3130 1335 3194 Du

232 3226 376 3291 HnuuM
402 3228 463 3313 (ex
493 3229 650 3293 Biblioth.
681 3230 845 3296 sereniss.
873 3232 981 3296 Ducis
1011 3231 1231 3316 Oldenburg.)
1253 3233 1335 3296 edit.

231 3328 339 3411 Lugd.
355 3332 451 3395 1501.
478 3337 511 3395 et
533 3333 629 3396 Brix.
644 3335 742 3399 1501.
787 3334 1031 3399 Noruunouu
1047 3343 1180 3400 auctore
1196 3335 1334 3399 Kmuro

229 3449 315 3496 verr.
339 3432 413 3495 lect.
438 3433 511 3496 cod.
536 3433 700 3500 Schwarz.
725 3436 1214 3503 515610.1155.1491.1512.
1238 3440 1335 3503 Brix.

230 3534 327 3598 1501.
344 3533 437 3617 Lips.
459 3537 556 3600 1504.
572 3536 695 3621 Argen.
710 3539 808 3604 1527.
833 3540 992 3604 LANGER
1014 3541 1111 3606 codd.
1128 3541 1334 3626 Guelferbyt,

230 3641 380 3719 quatuor,
425 3639 560 3703 Dacuu
587 3662 674 3705 varr.
703 3643 794 3706 lectt.
824 3642 963 3727 duorum
989 3644 1087 3708 codd.
1122 3644 1331 3710 Schdnborn.

123 3756 129 3765 ¹
230 3733 520 3805 versaremur
549 3745 698 3808 varietat.
721 3743 797 3807 cod.
813 3743 994 3824 Ulmensis,
1018 3745 1335 3810 (1555555105-

231 3855 324 3902 anc
348 3843 445 3907 codd.
468 3845 551 3909 duos
578 3845 752 3920 Gothauos
773 3852 806 3911 et
839 3847 1008 3913 Platbneri
1039 3849 1146 3914 lectt.
1177 3847 1334 3915 Juvenal.

230 3940 335 4006 uror
359 3950 392 4008 et
414 3945 579 4011 Kurumu
602 3948 676 4014 cod.
701 3950 796 4032 Lips
821 3956 854 4015 et
878 3951 969 4017 editt.
993 3952 1088 4034 Lips
1121 3952 1333 4017 14971507.

229 4039 315 4109 ven.
339 4047 437 4113 1498.
471 4048 606 4133 Argent.
631 4053 728 4145 1518.
756 4053 970 4137 Heidelberg.
1001 4055 1098 4119 1590.
1144 4054 1334 4118 L1curuu-

231 4161 338 4213 suurn
365 4155 398 4214 et
423 4150 730 4219 succurramur
754 4157 843 4222 lectt.
870 4156 945 4222 cod.
972 4157 1160 4241 Hamburg.
1185 4164 1220 4224 et
1240 4158 1333 4229 editt.
