3059 4925
263 326 310 398 ὦ
547 347 598 397 un
620 345 702 396 sar.
725 343 884 408 uucrurr,
908 343 1082 409 nostru,

264 493 317 577 gis
330 491 577 570 labefactarunt,
592 497 625 557 et
642 491 763 557 mirum
785 491 819 553 iu
841 489 977 554 modum
1000 508 1199 555 concussere
1220 489 1362 573 primum

265 593 487 673 Gracchanae,
505 591 693 672 Drusianae,
709 591 921 678 Apuleiana,
937 591 1080 675 aliaque
1101 591 1279 656 seditiones
1303 592 1362 657 tri·

265 696 415 774 bunitiae,
429 715 510 761 mox
524 696 612 761 bella
626 696 751 774 civilia,
772 693 1042 779 proscriptiones
1057 693 1231 758 dictaturae
1244 713 1363 778 perpe·

265 803 343 877 tuae,
358 804 391 863 et
404 798 640 863 triumviratus.
685 797 801 862 Mores
820 798 920 874 enim,
936 804 1035 860 autea
1051 796 1174 859 sensim
1187 795 1364 879 paulatim-

265 919 330 984 que
343 900 445 984 lapsi,
461 905 632 984 coeperunt
653 900 844 984 praecipites
866 899 924 976 ire,
948 903 982 961 et
1006 896 1211 962 abundantes
1234 897 1363 964 divitie

265 1001 374 1087 atque
389 1002 577 1086 voluptates
602 1007 800 1087 pepererunt
827 1001 1038 1077 desiderium,
1065 1020 1125 1082 per
1150 1000 1364 1066 ambitionem

215 1183 218 1190 Ι
266 1107 364 1187 atque
385 1103 569 1188 potentiam
581 1102 723 1168 audendi
736 1101 959 1186 perdendique
973 1101 1101 1180 omnia3
1128 1099 1234 1165 donec
1255 1100 1299 1165 ad
1322 1119 1365 1165 ea

264 1210 459 1288 perventum
472 1210 524 1270 est
535 1213 695 1289 tempora,
710 1204 831 1288 quibus
856 1202 978 1286 perditi
1001 1208 1100 1285 atque
1122 1202 1291 1285 profligati
1305 1202 1365 1268 ho·

264 1308 370 1371 mines
382 1326 450 1371 non
463 1308 607 1391 amplius
625 1307 684 1372 vel·
701 1306 784 1370 vitia
808 1325 880 1383 sua,
906 1293 972 1370 vel'
981 1304 1140 1383 remedia,
1154 1322 1232 1387 quae
1246 1304 1363 1369 morbo

265 1407 400 1491 quidem
413 1408 661 1486 adhibebantur,
669 1407 736 1472 sed
750 1407 893 1472 salutem
904 1407 1104 1483 minuebant,
1115 1409 1186 1490 pati
1199 1411 1364 1490 poteraut,

264 1513 322 1573 aut
335 1508 418 1574 ferre
430 1509 626 1588 libertatem,
641 1529 730 1594 quae,
756 1530 833 1574 cum
848 1530 869 1573 a
883 1508 1078 1596 Caesariano
1093 1508 1170 1573 inde
1184 1508 1365 1592 Pompeia-

140 1613 143 1618 ’
264 1628 374 1694 noque
398 1611 485 1676 bello
508 1612 552 1675 ad
576 1632 722 1695 pugnam
736 1610 915 1678 Actiacam
939 1611 994 1676 vel
1018 1612 1195 1695 septimum
1218 1608 1365 1692 Augusti

265 1712 472 1778 consulatuum
491 1714 585 1779 velut
593 1716 734 1779 moriens
748 1716 911 1780 reluctata
924 1718 1014 1794 esset
1027 1712 1221 1791 dominatui,
1230 1712 1366 1777 tandem

265 1813 297 1877 ei
318 1814 435 1879 cedere
456 1822 573 1881 coacta
597 1821 658 1886 est.
708 1816 855 1882 Romani
876 1816 980 1893 cives,
1005 1815 1063 1899 qui
1089 1815 1181 1892 obm,
1205 1812 1366 1899 quamdiu

263 1913 370 1980 adhuc
385 1919 598 2002 parsimoniae
612 1920 870 2004 paupertatique
883 1917 988 1983 bonos
997 1921 1141 1994 steterat,
1153 1916 1365 2000 disciplinam

264 2035 426 2097 severam,
440 2021 572 2106 inopem
597 2021 779 2106 duramque
800 2023 916 2099 vitam,
937 2020 1103 2104 justitiam
1127 2020 1277 2103 aliasque
1298 2019 1366 2102 vir-

263 2122 350 2185 tutes
365 2122 545 2202 coluerant,
553 2124 636 2189 inde
651 2144 673 2189 a
692 2124 830 2189 Sullana
844 2127 943 2188 aetate
957 2142 1058 2207 opum
1073 2126 1106 2186 et
1119 2121 1364 2187 coacervanda-

263 2239 336 2285 rum
349 2227 382 2286 et
395 2224 696 2307 profimdeudarum
714 2225 907 2309 inexplebili
930 2230 1028 2307 atque
1050 2225 1170 2288 insana
1184 2222 1364 2307 cupiditate

246 2314 443 2406 'ardebant3
472 2326 689 2411 mulieresque
709 2348 776 2392 non
799 2328 906 2392 minus
928 2328 1064 2411 turpiter
1085 2326 1243 2391 vivebant
1261 2344 1363 2409 quam

263 2422 340 2489 viri.
385 2423 533 2492 Censura
545 2447 609 2493 uon
622 2429 705 2496 satis
724 2448 842 2496 severa
859 2435 931 2496 erat
941 2434 1000 2495 aut
1009 2428 1143 2509 efficax,
1154 2433 1188 2493 et
1200 2427 1363 2493 institutio

263 2524 439 2592 liberorum
449 2549 616 2613 perversa,
629 2531 817 2599 bominibus
839 2553 931 2616 saepe
954 2532 1126 2597 vilissimis
1145 2529 1363 2614 turpissimis·

264 2646 330 2711 que
344 2628 468 2696 tradita
490 2635 523 2694 ct
547 2636 782 2717 aparentibus
806 2636 862 2702 vel
881 2636 980 2719 plane
1002 2634 1154 2716 neglecta
1171 2631 1226 2698 vel
1248 2631 1363 2716 pravis

262 2729 418 2795 vitiorum
431 2733 595 2818 exemplis
608 2740 772 2820 corrupta.
797 2768 803 2781 ·
827 2735 947 2801 Cicero
960 2755 1027 2800 uon
1040 2753 1106 2798 uno
1119 2734 1196 2799 loco
1210 2733 1365 2817 deplorat

263 2849 437 2912 summam,
462 2835 498 2898 in
526 2855 626 2920 quam
656 2837 765 2922 prima
791 2844 875 2905 aetas
898 2859 961 2903 sua
984 2837 1168 2915 incidisset,
1190 2835 1364 2920 perturbe-

262 2932 385 2998 tioncm
397 2934 585 3020 disciplinae
599 2939 733 3019 veteris,
753 2945 821 3005 tam
843 2941 990 3025 publicae
1005 2959 1104 3024 quarn
1117 2939 1270 3023 privalaes
1286 2957 1363 3002 011111

263 3051 332 3116 qua
352 3055 421 3099 rem
435 3038 608 3120 publicam
621 3042 867 3125 potentiamque
882 3042 1107 3108 Romanorum
1131 3046 1165 3105 et
1185 3039 1316 3105 stetisse
1329 3042 1363 3103 et

263 3134 425 3201 cecidisse
438 3140 675 3221 sapientissimi
689 3142 750 3207 viri
760 3142 963 3227 judicarunt,
974 3150 1008 3208 et
1020 3143 1055 3207 in
1068 3141 1163 3207 Orat.
1178 3161 1239 3226 pro
1251 3139 1362 3206 Goelio

264 3251 295 3300 c.
310 3235 363 3300 17.
379 3239 611 3307 continentiam
624 3240 708 3307 dicit
722 3243 871 3328 aliasque
883 3242 1107 3322 Camillorum,
1119 3242 1360 3319 Fabriciorum,

264 3331 504 3423 (ludorumque
516 3342 654 3416 virtutm
666 3363 732 3408 non
746 3344 856 3409 solum
868 3346 980 3409 nonin
994 3346 1141 3410 moribus
1161 3344 1260 3429 hujus
1280 3344 1359 3422 aevi,

264 3435 325 3501 sed
338 3439 399 3503 vix
418 3440 489 3526 jam
509 3443 545 3511 iu
568 3443 664 3510 libris
678 3445 834 3528 reperiri3
866 3446 1160 3530 chartasquoque,
1177 3445 1360 3528 quasillum

261 3537 436 3620 pristinam
462 3545 670 3610 seveutatem
698 3546 925 3625 continuerint,
965 3548 1181 3623 obsolevisse.
1237 3545 1360 3617 Exem-

261 3640 355 3723 plum
369 3642 654 3739 demMugusti,
669 3648 831 3731 principis
842 3648 1008 3731 magnifici
1022 3653 1055 3713 et
1066 3649 1241 3727 luxuriosi,
1252 3648 1360 3717 maxi·

262 3760 316 3809 me
331 3763 409 3819 veru
424 3744 634 3826 Maecenatis,
658 3748 802 3816 bominis
825 3749 895 3817 otio
918 3770 959 3815 ac
981 3751 1129 3815 mollitiis
1151 3771 1249 3835 paeue
1271 3752 1360 3818 ultra

262 3841 433 3909 faeminam
446 3846 588 3935 fluentis,
614 3848 749 3926 (Vellei.
765 3867 808 3915 ιι.
822 3849 877 3916 88.
920 3851 1075 3917 Juvenal.
1091 3870 1117 3916 1.
1132 3854 1186 3917 66.
1203 3869 1276 3920 xri.
1289 3854 1359 3932 39.)

262 3963 344 4029 opes
357 3947 539 4026 immensae,
553 3969 599 4014 ex
611 3953 791 4034 provinciis
811 3951 957 4018 Romam
974 3953 1185 4032 confluentes
1200 3957 1359 4023 securitas
1409 3944 1414 3955 ’

262 4065 305 4116 ae
318 4048 413 4131 quies
426 4049 567 4132 imperii,
582 4055 650 4117 tam
663 4052 797 4118 diutinis
821 4055 978 4138 procellis
1002 4074 1041 4120 ac
1064 4058 1256 4125 turbulentis
1276 4063 1358 4124 tem·

261 4149 443 4231 pestatibus
458 4153 582 4231 vexati,
594 4154 734 4237 exiguas
747 4155 981 4240 simplicitatis,
995 4157 1231 4238 magnitudinis
1246 4158 1357 4236 animi,

167 4288 174 4301 ·
263 4247 466 4335 abusumque
479 4251 633 4322 virtutum
646 4275 839 4340 morumque
852 4263 1001 4321 veterum
1012 4258 1170 4342 reliquias
1187 4259 1358 4343 extinguo·
1444 4248 1446 4253 ’
