3059 4925
506 1051 930 1129 EXCURSUS
1039 1136 1075 1175 ,-

596 1258 649 1311 AD
667 1259 743 1311 SA'l'.
760 1261 784 1311 1.
802 1265 857 1312 1⁵7.

207 1489 365 1555 Vuasus
379 1493 615 1574 perobscurus,
639 1491 738 1578 cujus
758 1496 793 1557 et
806 1492 905 1557 lectio
920 1498 953 1556 et
967 1492 1188 1575 interpretatio
1202 1497 1270 1557 tam

165 1592 271 1656 dubia
285 1601 348 1669 est,
371 1600 473 1677 atque
496 1601 566 1660 tam
591 1616 709 1680 parurn
723 1595 896 1661 commode
909 1595 1070 1680 expedita
1082 1597 1125 1659 ab
1139 1595 1272 1660 editori·

164 1695 241 1773 bns,
264 1700 302 1759 ut
317 1695 472 1762 Pithoeus
495 1698 712 1781 profiteretur,
734 1699 862 1791 nullum
886 1697 995 1762 iubis
1023 1697 1141 1762 Satiris
1159 1698 1273 1762 locum

164 1817 250 1874 esse,
275 1818 372 1881 quem
393 1819 439 1863 ex
459 1799 760 1866 Grammaticorum
785 1802 907 1884 glossis
928 1800 1038 1865 miuus
1060 1801 1274 1882 grammatice

141 1954 144 1958 Δ
164 1900 375 1966 miellexmit.
405 1901 612 1967 Varietatem
627 1904 780 1968 lectionis
792 1923 895 1987 supra
908 1902 952 1967 ad
965 1902 998 1966 h.
1009 1903 1034 1967 l.
1050 1903 1272 1968 enotavimus:

164 2019 252 2068 nunc
267 2007 392 2088 paucis
409 2007 653 2071 recensebimus
668 2009 811 2071 virorum
826 2006 1001 2071 doctorum
1020 2006 1272 2089 explicationes.

166 2103 330 2170 Nonnulli
345 2107 377 2171 h.
393 2108 416 2173 l.
432 2109 481 2173 ita
494 2108 609 2191 legunt
622 2115 656 2173 et
669 2111 939 2193 interpretantur:
963 2104 1117 2171 lucebas.
1129 2106 1273 2185 ardebis,

166 2215 196 2269 et
211 2204 312 2271 latam
334 2208 435 2273 media
457 2209 574 2276 sulcum
594 2211 717 2276 deducis
741 2234 849 2290 arena,
871 2214 993 2277 frustra
1014 2211 1158 2289 laboras,
1180 2215 1274 2273 nota·

166 2310 256 2377 tione
271 2315 327 2375 tna
342 2332 382 2377 ae
400 2314 649 2397 reprehensione
673 2313 755 2379 nihil
769 2315 901 2379 omnino
915 2312 1069 2398 proficis3
1091 2311 1182 2395 quod
1195 2331 1274 2395 pro-

94 2458 97 2465 ι
166 2413 275 2477 rerbii
297 2413 373 2478 loco
388 2414 513 2480 dictum
527 2416 737 2494 arbitrantur,
759 2420 799 2481 ut
822 2414 932 2482 Graec.
958 2410 1055 2497 ἅμμον
1076 2414 1198 2499 perquire,
1221 2412 1276 2478 vel

168 2513 243 2581 lat.
269 2513 357 2579 littus
377 2538 487 2585 crure.r
502 2517 572 2603 (Gi.
586 2519 644 2584 inl.
660 2516 882 2601 v11.48.49·)
907 2517 1139 2582 Britannicus:
1162 2513 1276 2579 lucedis

28 2683 29 2706 2
167 2618 285 2683 runica
308 2619 449 2684 molesta
472 2619 610 2685 indutus
622 2619 715 2700 tudo,
736 2621 822 2702 igne,
846 2640 906 2704 qua
930 2626 1044 2682 etentes
1070 2614 1193 2696 ardent,
1217 2621 1275 2681 aut

28 2723 29 2732 ’
134 2717 138 2728 ’
168 2720 489 2805 quianligabantur
502 2723 608 2805 stipiti
623 2723 840 2806 circumjecto
853 2722 940 2803 igne,
963 2724 1023 2785 aut
1046 2720 1137 2804 quia,
1161 2719 1197 2783 ut
1215 2719 1277 2782 Se·

28 2827 29 2836 ’
168 2840 256 2887 neca
279 2819 386 2907 Epist.
412 2840 492 2887 x1V.
515 2825 642 2903 scribit,
674 2845 734 2908 per
752 2823 899 2887 medium
925 2821 1090 2885 homiuem
1117 2821 1279 2902 agebatur

169 2925 289 3008 stipes,
311 2932 347 2989 ut
360 2945 421 3009 per
435 2937 548 2990 omnes
564 2933 655 2991 artus
672 2933 868 3009 emergeret3
892 2933 922 2986 et
937 2919 1060 2986 deduci!
1075 2918 1203 3000 sulcam,
1219 2927 1278 2986 aut

170 3027 251 3111 qnia
265 3027 350 3092 torte
362 3046 449 3092 unco
464 3029 688 3106 trahebantur,
711 3034 770 3092 aut
784 3027 876 3111 quod
890 3025 1047 3102 damnati,
1069 3030 1102 3089 et
1125 3024 1159 3085 iu
1173 3022 1277 3085 media

170 3150 268 3193 arena
292 3125 534 3213 amphitheatri,
555 3131 614 3194 ubi
638 3130 733 3194 multi
754 3129 988 3193 cremabantur
1009 3126 1091 3203 vivi,
1119 3129 1168 3202 (ut
1183 3123 1278 3189 Atel-

170 3230 261 3295 lanae
285 3231 388 3314 potita
409 3236 492 3296 teste
518 3231 609 3296 Suet.
625 3230 697 3297 car.
713 3228 785 3315 27.)
799 3231 924 3314 alligati
939 3228 1045 3313 stipiti
1059 3227 1201 3312 pedibus
1216 3224 1279 3289 sul·

172 3354 240 3397 cum
269 3335 437 3400 iaciebant
461 3336 586 3398 circum
612 3355 649 3400 se
670 3337 851 3411 volventes,
880 3339 1003 3398 terrore
1030 3330 1117 3414 ignis
1140 3329 1278 3394 admoti.

173 3434 316 3501 Videtur
340 3439 453 3521 itaque
481 3437 514 3499 τὸ
538 3434 672 3513 deducit,
695 3434 878 3500 secundum
895 3432 1044 3498 Atticam
1069 3451 1279 3495 numerorum

173 3537 356 3620 enahagen,
380 3558 443 3622 pro
463 3536 618 3602 deducunt
642 3538 792 3621 positum
815 3536 998 3618 accepisse,
1020 3540 1058 3599 ut
1079 3532 1279 3615 Grangaens,

175 3641 232 3724 qui
247 3639 323 3706 coll.
338 3639 431 3722 Virg.
449 3639 510 3705 Ge.
527 3657 583 3703 ιιι.
599 3640 677 3703 402.
691 3639 768 3703 403.
786 3643 891 3721 putat,
913 3635 1082 3704 maleficos
1103 3636 1279 3718 designari,

176 3742 234 3826 qui
247 3760 334 3806 unco
348 3742 445 3807 tracti
467 3741 587 3805 fuerint
610 3760 670 3823 per
692 3759 832 3817 arenam,
854 3745 888 3803 et
901 3737 1016 3802 soterem
1031 3738 1196 3823 quendam
1219 3739 1281 3801 im·

60 3918 64 3924 .
175 3844 372 3925 prosserhrt;
395 3864 461 3927 qua
475 3863 558 3907 usus
567 3844 611 3907 sit
620 3843 814 3926 metaphora
830 3841 1026 3925 Lycophrou
1034 3842 1068 3904 in
1078 3838 1280 3915 Cassandra,

177 3944 218 4008 de
233 3945 381 4010 Hectore
392 3951 500 4010 tracto
514 3948 558 4010 ab
574 3945 717 4022 Achille,
740 3947 847 4030 Ᾰευρᾶς
864 3941 967 4023 didm
984 3947 1121 4028 γατομῶν
1140 3941 1171 4003 δι’
1189 3938 1283 4003 adha-

179 4068 234 4119 κις.
252 4043 254 4048 ’
279 4047 338 4111 Sic
353 4052 385 4111 et
400 4053 494 4111 vetus
516 4046 627 4111 Schol.
659 4045 848 4110 ‘adductus
863 4064 939 4109 cum
954 4065 1013 4129 per
1030 4063 1161 4108 arenam
1175 4042 1283 4106 trahe-

152 4232 154 4236 ·
179 4152 274 4226 retur,
297 4150 426 4213 sulcum
445 4168 582 4234 corpore
603 4169 664 4212 suo
678 4148 776 4229 fecit3
799 4148 853 4212 vel
867 4147 1002 4224 fossam,
1024 4148 1059 4209 in
1073 4164 1140 4228 qna
1154 4145 1283 4228 stipites

181 4247 315 4328 fiebant,
331 4252 370 4315 iu
392 4253 515 4335 quibus
528 4250 706 4334 ardebant!
749 4251 845 4316 Idem
862 4257 970 4315 tamen
982 4250 1214 4331 huncquoque
1234 4244 1286 4310 in·
