3059 4925
451 363 685 414 narramus
709 362 759 411 nu
781 362 993 413 rursusne.
1209 350 1274 426 191Ι

174 529 367 599 quanquam
389 510 424 575 in
437 508 538 573 literis
561 512 595 571 et
618 507 747 571 artibus
776 507 1030 590 elegantioribus
1057 508 1135 576 huic
1165 512 1277 581 studio

176 634 265 699 aqua
277 618 310 678 et
328 612 396 695 igni
410 610 618 675 interdictum
639 609 753 673 aviris
775 608 977 674 doctissimis
992 610 1099 676 video.
1123 610 1276 679 Ceterum

174 714 329 798 escholis
343 713 476 795 quidem
486 710 668 795 explicatio
679 710 819 774 istorum
831 712 991 789 locurum,
1001 731 1078 795 quae
1091 714 1127 776 in
1137 715 1228 780 editt.
1242 717 1276 780 in

174 836 272 881 usum
286 814 445 897 Delphini
459 833 477 877 e
491 817 584 877 textu
599 817 668 876 tam
692 813 801 896 inepte
824 820 985 891 resecata,
1007 834 1106 897 quam
1127 818 1224 882 stulte
1245 822 1278 882 et

174 918 395 1002 imprudenter
418 916 561 981 collecta
584 920 617 978 et
641 914 684 978 ud
708 915 837 979 calcem
861 915 1020 999 adjuncta
1039 923 1127 994 sunt,
1144 916 1193 1002 (v.
1215 919 1275 984 inf.
1305 979 1312 994 ,

174 1012 606 1101 Ind.Editt.ada.16811.)
626 1016 691 1080 nisi
713 1036 791 1081 cum
815 1017 978 1099 gravitate
1005 1019 1132 1083 institui
1156 1020 1276 1102 possit,

175 1122 355 1187 omittenda
368 1126 433 1201 est3
457 1137 646 1203 quanquam
660 1119 830 1196 existimo,
841 1137 883 1183 ea
897 1120 1017 1183 teneris
1027 1118 1189 1203 juvenum
1207 1122 1278 1185 ani-

174 1226 239 1288 mis
261 1244 327 1288 non
353 1229 422 1289 tarn
445 1221 603 1306 pestilera
627 1240 715 1299 esse,
739 1241 840 1305 quam
863 1222 1080 1305 quorumdam
1103 1222 1278 1306 poetarum

174 1331 295 1390 nostrae
312 1327 422 1390 aetatis
435 1324 566 1389 deliciae
589 1329 622 1389 et
643 1325 826 1407 elegantiae,
842 1326 964 1408 quibus
986 1345 1040 1389 res
1060 1332 1174 1410 turpes
1188 1331 1220 1390 et
1234 1327 1277 1390 ab

173 1428 346 1492 honestate
359 1426 590 1490 remotissimae
604 1426 659 1490 vel
672 1425 801 1490 liberali
823 1433 856 1492 et
878 1428 1021 1511 ingenua
1038 1428 1124 1492 facie
1137 1429 1278 1492 indueu-

174 1533 238 1608 tur,
252 1530 308 1593 vel
321 1530 496 1593 verborum
510 1533 543 1592 et
557 1529 787 1593 sententiarum
813 1549 930 1594 venere
955 1537 987 1595 et
1007 1531 1173 1597 illecebris
1188 1550 1278 1596 com·

173 1632 374 1696 mundentur.
419 1629 558 1709 Etenim,
574 1637 611 1696 ut
624 1633 772 1696 maxime
787 1638 873 1697 tecte
895 1639 929 1697 et
951 1633 1105 1716 ambigue
1120 1653 1162 1697 ea
1176 1653 1278 1697 enun-

175 1732 296 1797 ciando
311 1733 514 1799 verecundiae
528 1738 562 1798 et
572 1732 691 1817 pudori
705 1735 892 1799 consultum
906 1735 1048 1813 videtur,
1058 1736 1105 1799 ita
1119 1735 1277 1801 facillime

174 1835 296 1899 animis
311 1835 414 1900 castis
427 1835 537 1918 iisque
550 1835 747 1919 improvidis
762 1856 799 1901 se
814 1837 995 1914 insinuant,
1016 1837 1172 1902 libidines
1186 1836 1279 1901 exci-

174 1928 256 2016 tant,
271 1938 417 2004 castitati
431 1937 595 2003 altissima
610 1940 744 2003 vulnera
758 1938 917 2022 infligunt,
932 1943 964 2003 et
979 1940 1128 2023 corporis
1142 1938 1279 2023 ingenii·

176 2060 239 2124 que
253 2042 343 2105 vires
357 2041 511 2126 frangunt
525 2046 559 2106 et
573 2041 768 2107 debilitant?

214 2338 553 2417 TES'l'lMONlA
573 2341 814 2454 ANTlQUn
838 2342 915 2417 DE
939 2341 1234 2420 JUVENALE.

608 2481 852 2495 ——n-—n-

249 2568 299 2635 M.
323 2568 568 2673 VALERIUS
592 2570 862 2638 MARTIALIS
886 2569 1049 2637 EPIGR.
1070 2587 1135 2635 vn.
1151 2570 1205 2637 24

178 2728 262 2796 cuu
278 2731 301 2797 J
302 2733 441 2797 uveuale
455 2754 530 2798 meo
545 2753 622 2817 quae
637 2753 690 2797 me
703 2731 908 2798 committere
921 2737 1039 2809 tentas,

219 2831 313 2911 Quid
326 2852 390 2898 non
404 2835 544 2900 audebis
557 2834 683 2918 perlida
694 2835 809 2916 lingua
822 2833 941 2917 lnquit

687 2984 798 3036 NOTAE

178 3079 339 3129 serentium
357 3078 509 3145 affirmetur,
519 3088 548 3134 st
559 3083 622 3148 ipsa
634 3083 707 3135 sede·
748 3082 860 3132 Marium
872 3081 977 3146 quidem
987 3078 1141 3140 Maximum,
1156 3078 1280 3143 utcupio-

177 3154 227 3204 cim
240 3155 327 3205 satirae
349 3157 471 3222 clamant,
480 3158 547 3209 adeo
569 3160 708 3224 pertinaci·
747 3176 777 3211 sa
787 3161 964 3224 exemplorum
974 3158 1102 3208 varietate
1112 3156 1281 3221 locupletem,

177 3236 218 3280 ter
227 3230 297 3281 vitiis
316 3231 445 3283 infensum
464 3231 554 3296 fuisse,
565 3242 595 3286 ut
605 3251 663 3285 cum
675 3236 707 3285 iis
747 3242 776 3287 et
786 3236 872 3287 umnia
888 3236 1019 3285 Caesarum
1039 3231 1163 3284 historica
1184 3232 1282 3282 uberri-

175 3309 291 3361 bomines
310 3326 362 3362 uns
386 3313 529 3376 saepissime
553 3311 708 3379 flagellaret.
746 3315 797 3364 mis
822 3312 976 3377 septenariis
997 3311 1175 3375 complexum,
1202 3308 1280 3359 Jure·

176 3386 289 3436 Marium
308 3402 372 3438 veru
388 3389 543 3451 Maximum,
559 3389 609 3439 etsi
628 3404 708 3454 upera
746 3391 833 3440 nalem
858 3403 921 3440 veru
948 3394 979 3439 ut
1004 3388 1157 3452 magistrum
1184 3384 1280 3436 veteris

176 3463 240 3528 ejus,
261 3479 320 3530 quae
349 3465 528 3516 verbosissime
554 3473 583 3517 et
604 3467 708 3517 minutis
748 3463 895 3529 disciplinae
926 3479 957 3514 ac
979 3466 1058 3514 totius
1085 3463 1146 3513 vita
1163 3462 1280 3511 hnmana

177 3539 526 3605 tisanampltcsnfuisse
546 3543 649 3594 Flavius
658 3545 709 3594 Vo-
749 3556 886 3593 censorem
919 3541 1105 3605 graviuimum,
1131 3539 1159 3587 in
1185 3549 1282 3587 arcana

178 3617 263 3679 piscus
280 3626 405 3685 autumat,
422 3620 614 3685 interciderint,
623 3627 709 3671 umen
748 3619 806 3684 ipss
824 3632 922 3669 mamm
932 3631 1030 3667 summo
1047 3629 1106 3666 curn
1117 3614 1225 3679 imperio
1235 3629 1280 3679 pe·

178 3701 310 3745 strenuum
329 3696 425 3745 vixisse
443 3688 572 3746 ‘boumn
596 3696 709 3760 partium
749 3700 906 3746 netrautem·
950 3693 1081 3743 Summum
1108 3706 1173 3742 voco
1198 3691 1280 3756 impe·

178 3776 343 3833 sectatorem,
360 3771 496 3821 declarant
514 3773 633 3837 plurimu,
652 3787 710 3839 quse
749 3772 815 3822 riam
837 3771 947 3821 excelsus
964 3770 1060 3820 mentis
1082 3767 1215 3819 sublimem
1226 3775 1280 3830 sty-

179 3857 211 3894 ιιι
221 3860 253 3896 eu
264 3847 438 3912 Lampridius,
453 3849 616 3913 Spartianus,
627 3856 655 3900 et
666 3850 710 3899 alii
749 3848 812 3909 lum,
829 3861 881 3912 qno
901 3861 929 3896 se
945 3860 1023 3910 supra
1041 3843 1187 3894 mortalium
1209 3841 1280 3892 nobi-

179 3919 291 3971 historin
318 3922 446 3986 Augustae
472 3925 613 3988 scriptores
641 3940 709 3975 curn-
748 3925 846 3974 lissima
856 3922 945 3987 erigit,
953 3928 982 3971 et
1000 3921 1085 3970 omnia
1103 3919 1147 3968 illa
1157 3924 1280 3983 nuquam
1311 3979 1321 3993 .

180 3997 378 4048 mautariissuis
393 3999 550 4050 indiderunt.
584 4000 708 4052 Dicamus
749 4015 888 4066 puerorum
909 4013 993 4064 pupas
1015 4003 1044 4046 et
1064 3993 1205 4058 crepundia
1236 3993 1302 4052 de·.

181 4072 268 4137 igitur,
282 4074 362 4123 hosce
383 4075 445 4125 duos
463 4085 581 4127 suctores
602 4085 633 4128 nt
647 4079 709 4128 cirl-
748 4095 760 4128 s
789 4075 964 4142 cit,utsolins
980 4071 1084 4122 virtutis
1095 4070 1223 4122 rationem
1238 4069 1282 4119 ba-

182 4146 241 4197 lium
248 4147 423 4200 doctrinarum
433 4153 585 4216 compendia
591 4153 707 4217 quaedam
748 4154 861 4206 bendani
878 4167 935 4204 esse
946 4145 1148 4203 commonstret?

182 4221 248 4276 illius
258 4226 432 4279 revidelicstis
442 4229 706 4298 maximsplacuisses
793 4246 796 4253 ·
