3059 4925
577 349 832 407 montuosum.
1206 315 1253 408 63

148 501 508 582 dedicurobscoeni's
523 501 570 568 illi
592 491 954 589 procacibusquejacis
967 487 1068 587 pleni,
1091 521 1154 568 nec
1176 504 1253 570 ullis

153 605 205 670 rel
228 606 356 671 honesti
378 610 412 670 et
436 603 560 683 decom
586 606 640 670 vel
661 607 755 672 metri
781 605 908 689 legibus
931 607 1070 683 astricti,
1101 608 1254 690 quamvis

151 706 307 793 rhythmi
324 727 391 773 nou
418 707 518 791 plane
546 714 711 792 expertes,
751 727 849 792 quos,
873 714 911 772 ut
937 708 1040 772 vcrb'a
1063 707 1158 773 Ennii
1180 727 1255 773 mea

150 805 286 889 tbciam,

434 1017 514 1081 olim
530 1015 640 1082 Fauni
654 1021 817 1101 vatesque
832 1016 1006 1094 canebant,
1090 1031 1094 1036 ’

225 1116 312 1183 Cum
326 1137 432 1202 aeque
449 1117 621 1182 Musarum
636 1118 794 1203 scopulos
808 1119 984 1214 qnisquam
998 1123 1182 1203 superarat,
1241 1114 1248 1158 ’ῑ

225 1219 301 1285 Nan
317 1220 400 1286 dicti
414 1220 583 1286 studiosus
599 1227 681 1287 erat.

152 1403 288 1470 Horum
313 1377 468 1470 uersuum
488 1424 570 1471 usus
599 1403 755 1488 frequens
784 1411 818 1473 ct
844 1408 1013 1474 diuturnus
1038 1406 1102 1474 suit
1122 1405 1255 1485 Romae,

150 1513 224 1572 arm
236 1508 275 1572 in·
285 1507 391 1585 festis,
405 1514 475 1575 tum
488 1510 523 1574 in
537 1509 615 1574 aliis
630 1509 834 1588 solennibus,
848 1512 1019 1596 pracipue
1030 1512 1257 1596 nuptiarumet

151 1609 400 1695 triumphorum,
450 1605 455 1613 ’

227 1773 445 1862 Libertasque
460 1787 661 1862 rennuentes
675 1787 817 1866 accepta
831 1802 890 1865 per
904 1801 1010 1846 annos

226 1881 323 1946 Lusit
337 1881 533 1959 amabiliter,
557 1883 661 1948 donec
682 1883 755 1967 jam
770 1902 882 1949 saevus
895 1893 1042 1968 apertam

226 1982 268 2046 In
282 1984 407 2068 rabiem
421 1986 506 2050 verti
521 1987 625 2070 coepit
633 1986 745 2071 jocus,
761 1993 795 2052 et
814 2006 874 2072 per
888 1986 1042 2051 honestas

227 2083 281 2150 Ire
296 2086 413 2155 domos
427 2088 560 2172 impune
574 2089 700 2158 minax.
745 2089 893 2154 Doluere
907 2096 1042 2154 cruento

227 2187 338 2255 Dente
351 2188 517 2272 lacessiti;
538 2192 600 2256 fait
620 2193 753 2258 intactis
769 2213 904 2278 quoque
919 2212 1001 2258 cura

226 2289 423 2357 Conditione
437 2314 537 2379 super
553 2297 737 2361 communi:
762 2298 842 2383 quin
856 2298 956 2361 etiam
969 2296 1027 2361 lex

222 2387 400 2479 Poenaque
412 2395 492 2474 lata,
507 2397 596 2461 malo
618 2417 694 2482 quae
710 2398 815 2464 nollet
828 2399 972 2464 carmine
988 2418 1176 2484 quenquam

226 2494 401 2564 Describi.
393 2503 547 2564 vertere
562 2499 709 2580 modum,
724 2501 897 2566 formidine
910 2500 1009 2566 fustis

220 2596 282 2663 Ad
302 2599 386 2665 bene
401 2600 573 2667 dicendum
588 2600 882 2688 delectandumque
904 2604 1044 2672 redacti.

156 2767 245 2834 Haec
260 2773 312 2833 est
325 2770 381 2833 lex
395 2771 453 2835 illa
468 2788 525 2836 xrr
541 2772 756 2852 Tabularum,
779 2779 813 2840 et
834 2772 968 2859 quidem
990 2771 1078 2837 Tab.
1105 2788 1173 2837 vrr
1219 2769 1256 2834 se·

155 2891 208 2958 qm
202 2869 331 2955 pipalo
345 2872 504 2955 (publice,
519 2875 573 2939 vel
588 2872 759 2959 convicio)
772 2873 935 2940 accentari!
957 2873 1017 2959 (al.
1036 2870 1256 2957 actitavisset)

156 2993 315 3037 carmenve
330 2972 457 3037 condicit
458 2973 564 3060 ,quad
578 2972 743 3060 rrrfamram
746 2974 842 3063 sumt
844 2974 1049 3063 flugrtcumce
1062 2996 1081 3037 a
1083 2972 1163 3054 tera,
1168 2970 1259 3059 suste

149 3073 287 3150 serr‘to¹¹

181 3176 391 3244 Eorundem
414 3199 568 3246 versuum
586 3199 667 3245 usas
694 3179 844 3244 Saturam
869 3201 897 3246 s.
924 3177 997 3244 Sat
970 3190 1065 3244 trram
1090 3177 1259 3244 Romano

30 3328 32 3357 ,
157 3302 236 3360 mm,
252 3286 287 3346 et
300 3283 444 3365 primum
458 3281 592 3365 quidem
605 3278 824 3361 dramaticum,
839 3282 957 3349 deinde
970 3301 1051 3347 vcro
1071 3278 1259 3346 didacticum

158 3404 290 3469 quoque
304 3385 500 3469 procreavit.
545 3383 633 3448 Illud
658 3382 755 3449 docet
776 3386 914 3469 insignis
930 3386 972 3449 de
986 3385 1112 3467 origine
1126 3385 1172 3449 rei
1187 3403 1258 3447 sce-

158 3490 241 3552 nicae
256 3489 353 3553 locus
367 3487 537 3551 Livii'vrr.
552 3485 585 3552 2.
601 3507 701 3573 quem
713 3506 881 3573 apponere
895 3488 994 3553 liceat
1007 3496 1040 3553 et
1060 3487 1178 3572 paucis
1203 3506 1260 3549 aa·

159 3590 382 3657 notationibus
404 3590 580 3655 illustrare.
625 3588 689 3653 ‘Et
702 3590 765 3657 hoc
780 3596 813 3655 et
825 3591 1009 3675 insequenti
1031 3609 1129 3668 auno,
1154 3591 1190 3673 [a
1214 3587 1259 3654 U.

162 3690 298 3772 cauo]
320 3690 359 3757 C.
373 3692 523 3776 Sulpicio
536 3690 654 3757 Petico
677 3698 710 3757 et
736 3691 776 3757 C.
802 3693 933 3758 Licinio
958 3693 1093 3758 Stolone
1116 3680 1261 3756 consuli-

161 3793 233 3872 bus,
262 3796 452 3877 pestilentia
485 3793 559 3860 fait.
605 3795 657 3859 Eo
683 3796 767 3860 nihil
796 3797 930 3880 dignum
950 3796 1110 3860 memoria
1136 3799 1259 3877 actum,

163 3896 221 3959 nisi
234 3896 433 3982 quodpacis
455 3897 565 3963 Deum
589 3899 814 4031 exposcenda
838 3919 942 3965 eausa
967 3899 1156 3964 tertianam
1180 3899 1260 3978 post

653 4066 678 4115 N
681 4064 775 4116 OTAE

197 4178 224 4223 ll
241 4176 283 4225 De
298 4176 693 4228 versibusSutrrcrriirctFescen-¹
731 4180 764 4230 ad
783 4181 874 4232 Horat
895 4179 979 4245 Epist.
998 4191 1029 4229 rr.
1050 4181 1073 4227 1.
1091 4178 1146 4226 not
1167 4177 1209 4253 22.
1232 4174 1261 4221 et

165 4240 266 4303 nirdscf.
279 4253 389 4303 Cassnb.
406 4266 434 4318 p.
454 4257 511 4303 tra:
529 4260 556 4303 et
571 4253 690 4303 Wieland
730 4256 772 4341 22.
