3059 4925
259 302 304 369 112
679 316 920 373 sussurran-

260 449 425 543 11111,
451 461 710 551 periuriorum
735 467 850 531 mulos
871 463 992 547 agrae
1005 472 1039 530 et
1052 465 1201 535 nouas
1214 466 1358 556 aliquem

259 567 480 653 proscindere,
496 572 544 635 sic
559 569 660 648 dicta,
674 568 887 655 (undetetiam
900 570 1001 643 σιλλὸς
1015 573 1162 638 scomma
1172 580 1223 638 et·
1236 576 1359 642 dicaci-

259 676 311 733 tas
325 675 488 751 vocatur)
505 672 618 756 qualia
632 672 753 735 Timon
770 670 939 735 Phliasius
962 671 1134 740 Ptolemaei
1148 675 1357 760 Philadelphi
1464 745 1465 748 ,

259 777 398 839 aetatect
409 774 637 858 Xenophanes
651 774 794 838 Lesbius
805 775 958 853 heroicis,
972 776 1139 855 iambicis,
1154 784 1187 841 et
1200 779 1357 862 elegiacis

258 874 411 941 rannus
424 876 601 959 scripsere:
624 895 702 939 nam
725 875 868 959 plurium
883 877 1165 961 sillographomm
1178 882 1238 945 vix
1252 886 1358 947 nomi·

257 998 302 1043 na
314 977 495 1060 innotuere,
517 978 680 1043 ethorum
695 997 827 1062 quoque
843 982 943 1062 pauci
957 985 1082 1046 tantum
1094 981 1208 1048 versus
1221 992 1356 1063 restant,

255 1102 278 1147 a
307 1082 457 1165 Diogene
487 1078 816 1165 LaertioSextoque
841 1081 1009 1168 Empirieo
1037 1089 1222 1165 memorati,
1252 1096 1295 1153 11·
1313 1091 1355 1152 ab
1470 1127 1472 1130 -

258 1185 363 1250 Henr.
380 1179 561 1268 Stephano,
575 1185 624 1263 (in
649 1183 753 1249 Po‘e'si
778 1186 915 1267 philos.)
937 1184 1175 1268 Laugheinrich
1196 1188 1248 1273 (in
1262 1190 1356 1256 Dios,

257 1303 299 1352 11.
316 1287 357 1351 de
371 1283 514 1351 Timone
528 1286 625 1370 Lips.
641 1287 739 1352 1720.
755 1283 870 1370 1721.)
892 1284 1094 1352 Casauhono
1107 1288 1244 1373 (deSat.
1254 1292 1355 1356 Rom.

249 1385 292 1471 vp'.
307 1390 385 1455 222.
400 1387 493 1474 2213.)
514 1395 548 1454 11
562 1388 731 1453 Brunckio
747 1390 794 1467 (in
807 1386 908 1453 Anal.
933 1387 980 1453 V.
998 1388 1039 1452 P.
1054 1388 1096 1453 Τ.
1113 1406 1155 1456 11.
1170 1411 1207 1474 p.
1221 1391 1265 1456 67
1287 1392 1357 1476 sq.)

255 1493 401 1571 collecti,
427 1491 546 1576 quibus
572 1490 762 1575 philosophi
786 1490 1028 1574 cujuscumque
1050 1492 1180 1573 generis
1197 1491 1359 1559 dicaciter

253 1594 443 1673 illuduntur,
466 1599 499 1659 et
512 1613 533 1658 1
546 1594 685 1657 Timone
699 1612 815 1675 graves
837 1611 929 1675 saepe
953 1598 987 1657 et
1005 1592 1193 1676 magnificae
1216 1594 1356 1661 Homeri

213 1719 222 1730 ’
253 1691 446 1775 locutiones
468 1696 561 1761 utin
574 1694 724 1780 παρῳδίαις
745 1693 793 1771 fit,
808 1693 1042 1757 transferuntur
1067 1694 1110 1757 ad
1132 1715 1184 1759 res
1196 1697 1353 1762 ludicras.

255 1795 343 1877 Quae
366 1798 595 1884 Xenophanes
617 1803 778 1881 praeterea
798 1797 929 1881 γέγραφε
952 1799 982 1859 ἐν’
999 1796 1077 1859 ἔπεσι
1101 1797 1149 1859 nat
1164 1795 1289 1883 ἐλεγείας
1305 1802 1353 1863 καὶ

247 1899 374 1983 ἰάμβους
397 1902 498 1984 (forte
520 1897 660 1987 ἔλεγείαις
687 1906 719 1965 et
743 1898 874 1986 ἰάμβοις)
898 1899 960 1962 καθ’
980 1898 1116 1963 Ἡσιόδου
1147 1902 1195 1962 καὶ
1218 1902 1353 1987 Ὀμήρου,

252 2006 406 2069 ἐπικόπτων
428 2006 464 2087 (f.
486 2004 681 2081 ἐπισκώπτων)
697 2007 788 2067 αὐτῶν
811 2008 849 2068 τὰ
870 2005 929 2090 περὶ
956 2004 1019 2067 θεῶν
1040 2001 1177 2092 εἰρημένα,
1200 2006 1229 2069 si
1251 2004 1354 2094 Laer-

251 2107 304 2173 tio
316 2125 371 2174 111.
385 2105 429 2174 18
442 2114 527 2174 extr.
543 2109 626 2171 fides
639 2107 803 2185 habenda,
827 2106 1071 2187 interciderunt,

294 2209 327 2275 Α
341 2203 538 2276 Graecorum
550 2211 747 2274 carnunihus
760 2210 935 2275 maledicis
954 2211 1027 2295 J’arn
1041 2207 1288 2295 progrediamur
1309 2210 1353 2276 ad

252 2312 581 2391 Romanorumn
605 2304 630 2374 a'
651 2311 783 2376 Graecae
807 2311 950 2396 podseos
973 2311 1172 2398 primordiis
1190 2315 1223 2379 et
1247 2315 1353 2378 incre-

250 2416 380 2494 mentis,
403 2435 478 2500 quae
492 2415 612 2499 paucis
626 2402 857 2495 delibavimus,
874 2416 917 2481 ad
931 2416 1083 2497 similem,
1098 2436 1207 2502 neque
1221 2416 1352 2484 111111-

251 2538 366 2583 corum
379 2518 572 2595 imitatione,
594 2516 689 2603 (quae
705 2524 782 2582 tunc
798 2514 929 2583 demum
945 2521 1062 2605 coepit,
1085 2538 1160 2584 cum
1185 2520 1352 2612 ingenium

242 2626 318 2703 ,arte
333 2616 556 2703 formaretur)
578 2617 636 2684 sed
651 2622 677 2684 'a
690 2624 809 2685 natura
822 2608 1007 2705 profectam
1029 2606 1189 2704 originem
1212 2621 1351 2686 lentum·

251 2744 314 2808 que
328 2742 535 2808 progressum
551 2721 713 2788 Romanae
726 2721 888 2807 poetices.
932 2721 989 2786 Ex
998 2724 1083 2787 locis
1091 2724 1244 2789 classicis
1253 2723 1349 2808 Virg.

249 2812 312 2890 Ge.
330 2842 369 2889 11.
385 2826 450 2890 385
465 2845 534 2909 seq.
548 2832 581 2890 et
596 2824 718 2897 Horat.
739 2824 848 2908 Epist.
872 2842 914 2890 11.
940 2827 971 2890 1.
988 2826 1133 2891 molor
1146 2827 1349 2908 intelligitur,

247 2928 368 3010 priscis
382 2927 593 3013 temporibus*
608 2927 650 2991 ab
677 2928 863 3009 agrestibus
883 2927 974 2993 Latii
995 2927 1163 2994 Liberalia
1188 2934 1222 2993 et
1245 2928 1350 2994 festos

247 3029 319 3094 dies
333 3037 412 3115 post
425 3050 566 3094 messem
581 3031 748 3095 conditam
763 3030 878 3095 eodem
892 3030 959 3095 fere
977 3031 1090 3109 modo,
1114 3050 1180 3115 quo
1205 3051 1226 3094 a
1252 3030 1349 3096 Grae-

159 3142 162 3148 '
248 3132 310 3209 cis,
333 3131 514 3216 eademque
535 3131 662 3196 ludicra
675 3153 734 3214 per
746 3152 854 3215 pagos
868 3137 948 3197 acta
959 3151 1052 3212 esse3
1075 3133 1183 3197 cosin
1198 3131 1347 3199 Deorum

247 3234 403 3298 ruralium
426 3233 580 3299 honorem
607 3234 768 3298 cecinisse
781 3234 934 3317 hymnos,
958 3239 991 3299 et
1015 3252 1083 3300 non
1107 3233 1205 3297 mdo
1228 3234 1348 3320 oscilla

245 3336 316 3402 sive
328 3337 438 3401 larvas
452 3356 471 3400 e
486 3336 664 3401 corticibus
686 3336 793 3400 factas
808 3336 983 3400 arboribus
998 3336 1209 3421 appendisse,
1235 3337 1346 3402 uthis

245 3437 373 3503 Bacchi
396 3438 595 3520 imaginibus
617 3444 716 3502 vento
740 3456 1014 3521 quaquaversus
1040 3438 1174 3521 agitatis
1195 3439 1348 3505 maxime

245 3560 397 3624 agrorum
411 3542 542 3605 ubertas
556 3539 803 3617 diffunderetur,
817 3538 877 3602 sed
891 3539 933 3602 iis
947 3558 1078 3623 quoque
1094 3541 1153 3603 or'a
1165 3538 1345 3631 obduxisse

245 3662 322 3724 sua3
345 3643 545 3728 eosdemque
569 3644 618 3709 ita
640 3638 837 3727 personatos
852 3646 886 3705 et
898 3642 977 3709 vino
991 3661 1110 3724 graves
1121 3643 1346 3726 pretereunti-

242 3746 306 3808 bus
320 3745 451 3828 sibique
465 3745 609 3809 invicem
623 3743 799 3827 ingessisse
822 3741 961 3807 dicteria
981 3749 1017 3807 et
1034 3745 1166 3826 probra,
1189 3745 1344 3809 versibus

242 3854 279 3912 ut
304 3846 479 3932 plurimum
500 3846 690 3923 inconditis
706 3845 881 3927 amhoebaeis
895 3852 929 3911 et
942 3847 1223 3943 extemporalibus
1245 3848 1344 3925 (atro-

243 3947 365 4035 σχεδίαις
377 3945 492 4034 q't‘rpacr
508 3969 535 4014 s.
563 3948 710 4029 ποιήμασι,
734 3945 952 4033 Impromptus,
974 3945 1200 4032 Improvisure)
1213 3955 1343 4016 1111111

243 4070 283 4116 11
298 4052 368 4116 sine
383 4059 452 4117 arte
467 4051 675 4116 adumbrato.
718 4050 823 4114 Tales
834 4069 948 4114 versus
960 4055 1055 4114 erant
1078 4047 1232 4127 Saturnia,
1256 4044 1341 4114 1-1.

242 4153 344 4237 prisci
359 4171 403 4220 ac
413 4153 522 4232 rudes,
537 4159 569 4218 et
586 4150 777 4229 Fesceanmi,
794 4174 815 4217 1
831 4151 1022 4232 Fescennia,
1040 4140 1189 4218 ¹Etruriae
1205 4153 1340 4238 oppido,
