3059 4925
237 374 259 440 8
689 381 898 437 rrmrrrro.

236 560 277 605 eo
291 536 434 603 lucidior
448 539 535 602 esset
553 536 655 599 series
678 538 937 615 annotationum,
951 543 1130 622 nostraque
1144 537 1339 627 faciliusab

236 642 352 707 alienis
376 640 517 704 discerni
540 644 688 723 possent,
703 640 760 704 illa
784 638 1029 704 Commentario
1044 642 1252 726 subjicienda
1264 645 1339 708 cen-³

236 748 299 823 sui,
314 748 400 809 hunc
414 764 506 821 vero,
523 764 600 807 cunr
613 743 776 826 prolixior
790 748 888 820 esset,
903 763 1005 827 quarn
1021 750 1070 822 ut,
1091 744 1135 808 ad
1148 747 1339 829 exemplum

234 848 368 931 Virgilii
381 836 552 931 Heyniani
564 847 735 930 nostrique
750 847 839 924 Silii,
862 848 987 911 criticis
1012 849 1256 913 subnecteretur
1276 870 1337 914 no·

233 953 288 1030 us,
309 952 352 1014 ab
366 952 409 1015 iis
424 949 658 1034 sejungendum
672 949 788 1013 curavi
803 954 835 1011 et
852 949 1030 1034 separatim
1044 951 1136 1033 typis
1151 953 1339 1034 exprimen-

210 1054 325 1119 dum.
383 1053 425 1117 In
453 1052 588 1117 easdem
614 1057 724 1130 notas,
755 1055 987 1118 commentario
1016 1073 1183 1137 aspersas,
1208 1054 1337 1139 conjeci

231 1161 301 1221 tum
330 1156 487 1239 exempla
515 1154 670 1219 dictionis
697 1154 840 1238 alicujus
865 1160 922 1218 aut
950 1155 1133 1238 elegantiae,
1164 1162 1233 1221 tum
1261 1158 1338 1220 loca

229 1265 376 1324 veterum
403 1261 610 1343 scriptorum,
637 1259 671 1322 in
700 1258 800 1321 rebus
827 1257 1008 1335 historicis,
1024 1258 1266 1341 geographicis,
1293 1279 1336 1323 ac

230 1362 386 1447 mythicis
412 1382 432 1425 a
457 1382 511 1425 me
538 1362 685 1426 laudata.
744 1360 877 1424 Horum
909 1360 992 1424 forte
1018 1380 1086 1426 non
1115 1360 1251 1426 deerunt
1279 1361 1338 1445 qui

182 1461 184 1464 ’
228 1465 366 1529 nimiam
379 1465 616 1548 reprehendant
631 1465 782 1548 copiam:
816 1484 889 1527 earn
913 1468 1023 1528 tamen
1045 1485 1088 1527 ex
1112 1483 1200 1528 vano
1226 1464 1336 1528 erudi·

228 1568 331 1631 tionis
345 1568 552 1632 ostentandae
569 1568 681 1633 studio
696 1567 881 1652 profectam
895 1567 1079 1631 existimari
1092 1568 1214 1647 nolim3
1237 1575 1271 1632 et
1281 1587 1336 1632 res

224 1670 352 1755 justam
370 1672 618 1734 excusationem
641 1670 762 1734 habere
782 1670 923 1734 videtur.
968 1669 1118 1732 Primum
1133 1670 1221 1732 enirn
1242 1669 1334 1734 haud

226 1773 404 1851 dissimilo,
430 1793 484 1837 me
510 1794 639 1838 omnem
662 1772 795 1837 dedisse
818 1792 965 1857 operam,
987 1778 1026 1837 ut
1051 1792 1153 1856 quam
1177 1772 1334 1855 plurimis

226 1876 454 1940 satisfacerem
466 1897 475 1957 3
497 1897 603 1960 neque
617 1895 696 1941 vero
710 1875 915 1958 ignorabam,
925 1875 1107 1958 permultos
1120 1876 1221 1938 etiam
1233 1874 1335 1939 hodie

227 1996 303 2042 esse
333 1979 426 2044 viros
454 1980 680 2058 doctissimos
707 1978 828 2062 quibus
856 1978 930 2042 haec
953 1996 1062 2040 rerum
1090 1976 1334 2061 verborumque

226 2080 495 2145 illustrandorum
518 2082 603 2146 ratio
629 2080 781 2158 arrideat,
817 2099 894 2164 quae
925 2080 1003 2144 olim
1032 2078 1146 2145 Nicol.
1176 2079 1333 2157 Heinsio,

227 2181 680 2262 Burmannis,Broeckbusio,
691 2185 886 2263 Schradero,
896 2182 1180 2259 Drakenborchio,
1192 2182 1335 2265 aliisque

224 2286 337 2366 magni
350 2286 492 2348 nominis
503 2286 691 2351 horninibus
705 2287 926 2370 probabatur:
950 2304 1090 2371 quorum
1107 2290 1219 2349 tamen
1232 2284 1334 2349 vesti-

226 2386 281 2467 gia
303 2406 369 2451 non
386 2388 434 2452 ita
456 2393 588 2452 secutus
612 2406 697 2469 sum,
715 2393 754 2453 nt
779 2389 936 2472 exempla
957 2392 1083 2451 tantum
1105 2386 1334 2471 exquisitioris

220 2488 385 2573 loquendi
408 2491 524 2556 formae
554 2494 765 2571 cumularem,
791 2494 882 2557 nulla
902 2493 1021 2559 habita
1048 2492 1176 2556 ratione
1198 2491 1333 2572 originis
1415 2538 1417 2541 ψ

225 2591 300 2675 ejus
314 2594 367 2683 vel
381 2614 507 2672 causae,
521 2595 645 2659 indolis
660 2615 701 2660 ac
722 2596 943 2679 significatus,
956 2612 1019 2658 nec
1034 2595 1202 2659 admonito
1224 2594 1266 2657 de
1288 2593 1334 2657 iis

224 2693 358 2772 lectore,
373 2697 439 2760 uisi
452 2697 536 2761 forte
554 2697 614 2762 illa
626 2699 681 2762 vel
699 2719 744 2763 ex
767 2700 854 2763 locis
865 2699 1030 2781 ascriptis
1044 2698 1128 2762 satis
1142 2697 1279 2778 intelligi
1300 2699 1334 2758 et

222 2795 406 2878 legentibus
426 2800 498 2885 jam
516 2800 580 2865 hac
596 2802 845 2885 compendiaria
865 2803 933 2880 via,
953 2821 1021 2885 qua
1034 2800 1157 2865 chartae
1171 2799 1330 2883 parcitur,

218 2897 258 2985 vin
272 2901 463 2966 memoriam
477 2906 627 2968 revocari
637 2912 788 2988 possent,
802 2907 856 2971 vel
875 2906 924 2969 ibi
939 2906 983 2969 ab
997 2904 1085 2980 aliis,
1106 2921 1247 2986 quorum
1260 2901 1332 2966 edi-

224 2999 330 3065 tiones
342 3021 382 3069 ac
402 3003 477 3068 libri
491 3006 639 3069 omnium
651 3007 719 3070 fere
733 3009 885 3072 manibus
896 3011 1052 3084 teruntur,
1072 3005 1145 3089 jam
1158 3004 1332 3087 explicata

216 3108 346 3168 essent.
391 3107 523 3171 Deinde
535 3109 570 3172 in
585 3109 778 3175 doctissimo
789 3110 892 3195 po'eta
903 3107 1147 3193 interpretando
1160 3107 1330 3183 versabar,

216 3200 259 3266 ¹in
272 3224 339 3287 quo
352 3207 548 3275 adhibendae
567 3213 643 3276 talis
668 3211 861 3278 eruditionis
875 3213 1018 3277 facultas
1032 3217 1065 3275 et
1078 3209 1186 3293 major
1200 3213 1281 3285 erat,
1297 3213 1330 3272 et

223 3305 332 3388 aptior
346 3314 444 3391 atque
458 3311 579 3378 utilior.
635 3313 805 3380 Praeterea
818 3315 854 3379 id
868 3316 933 3397 egi,
948 3319 1067 3378 utnon
1082 3315 1202 3378 tirones
1217 3310 1328 3389 modo,

221 3405 439 3476 sederuditos
453 3433 584 3496 quoque
597 3414 746 3483 homines
772 3424 807 3481 et
827 3418 1011 3503 juventutis
1034 3415 1244 3501 potissimum
1256 3432 1329 3477 ma·

220 3507 342 3591 gistros
356 3533 462 3581 meam
477 3515 502 3581 J
503 3518 654 3583 uvenalis
668 3519 849 3587 editionem
864 3521 1074 3588 consuluisse
1090 3517 1179 3583 haud
1193 3517 1329 3582 omnino

722 3688 830 3744 NOTAE

219 3798 268 3850 ‘et
289 3815 373 3867 nsum,
398 3807 641 3879 constituunturque
668 3817 754 3868 omnia
793 3816 870 3865 ‘dies
889 3815 915 3864 in
932 3814 1058 3879 maiorem
1075 3816 1234 3864 contemtum
1246 3808 1326 3860 sddn-

219 3875 286 3936 ‘sim
304 3885 374 3930 utet
390 3881 421 3932 iis
437 3885 569 3950 capiendis
581 3904 630 3954 par
646 3894 681 3942 sit
699 3896 753 3944 anl-
792 3895 886 3944 ‘catur
905 3907 921 3943 a
937 3892 1000 3943 viris
1016 3889 1198 3956 prudentibus,
1215 3902 1262 3937 seu
1281 3887 1328 3952 qui

219 3952 297 4004 ‘mus
308 3962 336 4006 et
347 3972 409 4008 vero
419 3961 496 4012 etism
508 3967 602 4015 ceteris
611 3967 752 4034 disciplinis
792 3975 800 4000 ‘
812 3970 861 4019 sibi
873 3969 1014 4033 prudentes
1032 3967 1163 4029 videntur,
1178 3964 1222 4028 qui
1241 3963 1327 4014 omnis

218 4027 418 4095 ‘percipiendis
433 4041 494 4088 sutis
505 4049 578 4092 recte
589 4059 683 4095 vacare
693 4041 751 4111 pos·
791 4046 845 4095 ‘ad
861 4045 923 4095 vitae
943 4059 1017 4095 usum
1036 4042 1136 4091 referre
1155 4041 1255 4104 volunt,
1276 4053 1327 4088 nec

217 4105 227 4135 ⁶
239 4107 290 4158 sit:
314 4109 380 4175 hec,
391 4114 504 4182 inquam,
518 4120 568 4170 nisi
579 4128 680 4172 mstnro
692 4139 751 4188 pro·
784 4124 799 4151 ·‘
810 4123 901 4186 literis,
910 4123 960 4171 nisi
978 4136 1012 4171 ex
1028 4119 1152 4169 utilitatis
1163 4131 1256 4181 messe,
1266 4130 1325 4181 qum

212 4185 227 4221 λ’
238 4184 385 4254 videantur,
403 4207 504 4258 vereor,
522 4211 556 4246 ne
572 4198 686 4250 studium
702 4200 751 4251 hoc
790 4203 868 4251 ‘cum
887 4202 945 4266 ipsa
959 4199 1059 4250 satione
1077 4197 1166 4248 statim
1183 4193 1325 4258 coniuncta

209 4258 225 4298 τ’
238 4261 388 4319 Graecarum
395 4274 422 4320 et
427 4270 575 4326 Istinnrnm
582 4275 715 4329 literarum
722 4277 750 4329 in
790 4277 974 4347 ‘sit,pretium
984 4274 1120 4329 stamme
