3059 4925
259 306 325 376 loo
539 317 589 368 or
612 314 695 367 sar.
719 315 880 380 tuorem,
903 315 1077 380 nourrii,

294 465 376 541 Hac
392 468 491 531 atate
503 461 564 551 (ab
578 481 610 530 a.
624 460 670 530 U.
685 480 717 528 c.
731 460 810 529 689.
830 462 873 528 ad
888 482 919 527 a
930 461 1025 549 746.)
1041 461 1128 529 vixit
1141 461 1356 542 Hortarius,

252 571 353 646 bomo
366 568 480 633 hilaris
494 587 535 632 ao
549 567 674 645 suavis,
689 564 797 630 comis
817 571 851 630 et
870 566 1045 643 humanus,
1059 565 1205 630 urbanus
1221 569 1256 632 ot
1268 563 1359 644 face-

252 678 319 749 tus,
353 671 437 736 levis
464 675 499 737 ot
525 668 647 735 Veneri
673 668 876 752 Bacchoque
899 687 965 733 non
986 668 1096 732 minus
1118 686 1219 752 quam
1244 666 1357 733 Musis

252 786 365 852 carus,
379 774 466 839 fidus
486 779 521 838 et
541 761 716 850 candidus,
731 775 845 856 gratus
866 776 898 835 et
919 770 1100 849 officiosus,
1114 770 1304 853 ingeniosus
1324 773 1360 834 et

252 875 383 957 doctus,
398 882 492 960 patre
512 895 575 941 nec
596 876 736 957 ingenuo
758 894 820 940 nec
840 872 945 953 claro,
959 874 1019 939 sed
1039 874 1127 938 bono
1151 877 1186 937 et
1205 871 1358 954 honesto,

247 979 390 1066 assiduo
402 998 531 1043 morum
544 978 605 1043 filii
621 976 761 1043 custode
780 983 813 1042 et
833 982 970 1057 rectore,
984 976 1211 1059 virtutumque
1222 981 1257 1040 ct
1269 994 1358 1058 pree·

253 1086 385 1166 ceptore
405 1086 441 1146 et
460 1082 625 1166 exemplo,
646 1087 757 1159 natus,
769 1079 819 1167 (v.
835 1081 906 1146 Sat.
922 1096 946 1144 1.
960 1080 994 1145 t.
1017 1081 1092 1145 105.
1107 1098 1159 1163 sq.
1172 1080 1206 1143 6.
1219 1078 1274 1143 65.
1289 1075 1360 1163 sq.)

251 1183 417 1267 praecium
443 1182 604 1266 praeditus
632 1182 754 1262 indole,
783 1183 909 1248 artibus
937 1182 1083 1246 imbutus
1106 1180 1301 1245 liberalibus
1325 1184 1360 1245 et

250 1285 412 1364 honestis,
426 1283 650 1349 familiaritate
672 1284 868 1350 Graeconrm
889 1289 924 1349 et
944 1284 1049 1349 multo
1068 1302 1178 1347 rerum
1198 1301 1264 1347 usu
1278 1277 1360 1347 sub·

252 1393 360 1467 actus,
386 1386 702 1470 elegantissimorum
728 1406 994 1471 summorumque
1016 1387 1161 1452 umorum
1186 1389 1359 1450 consuetu·

251 1488 328 1554 dine
350 1488 485 1571 politus,
507 1489 612 1571 gratia
632 1486 780 1554 Caesaris
800 1489 1052 1574 principumque
1074 1488 1223 1553 civitatis
1236 1487 1359 1552 florens

252 1608 294 1658 ao
322 1594 426 1668 tutus,
448 1610 515 1656 uon
540 1596 723 1657 assectator
745 1609 859 1658 eorum
886 1594 940 1659 vel
962 1596 1147 1657 assentator
1167 1590 1301 1656 humilis
1325 1594 1361 1655 et

251 1692 461 1776 mancipium,
471 1692 562 1757 nulla
574 1691 792 1778 philosophiae
808 1693 988 1777 disciplina
1004 1694 1168 1768 maleam,
1184 1692 1244 1757 sed
1257 1690 1359 1758 modo

137 1863 140 1868 ⁴
252 1813 297 1861 ex
312 1795 471 1874 Zenonis,
485 1796 588 1861 modo
609 1816 653 1861 ex
675 1795 813 1881 Epicuri
833 1797 939 1862 hortis
957 1797 1058 1870 flores
1076 1795 1270 1880 decerpens,
1290 1795 1360 1881 pri-¹
1461 1876 1467 1884 ι

250 1903 363 1963 vatam
377 1895 539 1977 virtutem,
553 1918 630 1964 cum
650 1900 742 1965 nulla
763 1900 908 1984 amplius
926 1898 1061 1984 publica
1075 1905 1173 1979 esset,
1188 1898 1302 1964 colens
1317 1915 1359 1966 ac

250 2000 463 2084 praecipiens,
478 1999 592 2065 fractis
605 2000 700 2066 Bruti
713 1999 892 2086 Cassiique
912 2002 1034 2086 opibus
1054 2005 1090 2066 et
1110 2020 1238 2066 summa
1251 2019 1360 2067 rerrmr

252 2097 295 2165 ad
309 2119 413 2165 uuum
428 2107 560 2167 senatos
573 2102 755 2186 populique
767 2122 933 2197 consensu
946 2101 1071 2181 delata,
1083 2102 1202 2168 cedens
1216 2102 1358 2169 fortuuae

251 2208 284 2266 ct
304 2204 408 2269 vitam
427 2204 577 2281 liberam,
592 2204 812 2284 commodam,
827 2205 927 2270 nullis
947 2206 1003 2270 vel
1023 2224 1176 2270 curarum
1190 2205 1244 2269 rel
1258 2224 1360 2289 nego·

250 2304 370 2369 tiorum
384 2304 593 2389 publicorum
613 2305 774 2370 molestiis
795 2312 966 2386 vexatam,
987 2307 1089 2372 otium
1109 2307 1245 2372 liberale
1264 2327 1360 2373 secu-

251 2424 387 2491 ramque
398 2406 658 2473 mediocritatem
681 2412 824 2486 sectam,
840 2408 963 2488 animo,
977 2412 1185 2495 paupertate,
1197 2413 1231 2475 et
1244 2409 1360 2494 gloriae

252 2502 364 2574 amore
379 2507 424 2574 ad
439 2510 588 2574 carmina
600 2509 755 2574 facienda
767 2511 943 2595 impulsus.

256 2635 260 2641 ·
296 2610 381 2675 Post
403 2609 592 2696 Augustum
616 2613 711 2678 valde
738 2614 927 2705 mutabatur
948 2634 1058 2680 rerum
1082 2619 1201 2695 stabis
1226 2616 1265 2683 et
1281 2616 1360 2682 libi·

252 2713 344 2778 diues
358 2714 515 2799 vitiaque,
529 2715 656 2799 pudore
672 2719 707 2780 et
726 2716 855 2798 legibus
876 2715 984 2782 adhuc
998 2715 1182 2796 refraenata,
1197 2722 1256 2784 aut
1270 2719 1361 2787 olom

251 2816 357 2899 magis
373 2835 473 2900 quam
488 2818 603 2900 palam
623 2817 782 2897 exercita,
800 2819 943 2884 vinculis
963 2819 1070 2902 ruptis
1092 2818 1197 2884 effuso
1210 2819 1359 2885 fereban-

251 2911 306 2983 tur
319 2938 430 3000 cursu,
446 2924 479 2984 et
496 2921 549 2986 vel
567 2921 705 3005 publica
726 2922 924 2987 auctoritate
942 2922 1172 3006 exemplisque
1187 2920 1359 2988 Caesarum

250 3021 487 3087 muniebantur.
530 3021 675 3088 Pessimi
689 3026 902 3108 imperatores
915 3031 1007 3089 erant
1023 3020 1175 3101 Tiberius,
1195 3023 1296 3091 homo
1315 3024 1361 3090 ad

251 3123 418 3188 saevitiam
441 3130 474 3190 et
497 3143 594 3188 omne
614 3146 717 3208 genus
737 3127 905 3205 vitiorum,
927 3148 1004 3212 quae
1029 3127 1117 3192 vivis
1141 3125 1297 3210 Augusto
1324 3130 1361 3192 et

252 3223 454 3291 Germanico
469 3224 605 3293 Caesare
625 3234 718 3301 metu
738 3229 1003 3310 dissimilaverat,
1018 3234 1138 3295 natura
1159 3246 1358 3314 propensus,

252 3324 310 3410 qui
325 3326 468 3409 comitiis
482 3331 607 3413 populo
618 3331 768 3410 ademtis,
778 3333 897 3397 castris
909 3334 1116 3416 praetorianis
1128 3337 1223 3397 extra
1233 3330 1359 3397 Urbm

253 3430 430 3508 crunctis,
455 3437 489 3496 et
512 3432 671 3499 institutis
690 3435 829 3519 judiciis
854 3435 1036 3520 majestatis
1059 3435 1357 3519 delationibusque,

252 3532 375 3614 quibus
388 3533 534 3598 maxime
547 3534 739 3602 innocentes
758 3540 802 3603 ab
825 3557 866 3603 eo
888 3540 1072 3623 ceterisque
1085 3538 1232 3624 tyrannis
1247 3536 1359 3620 oppri-

252 3634 433 3713 mebantur,
445 3634 701 3703 dominationem
712 3640 881 3723 firmabat3
900 3637 996 3704 Caius
1009 3637 1359 3733 Caligulo,monstn1m

252 3735 408 3815 hominis,
423 3757 501 3802 cum
521 3740 648 3805 ratione
661 3741 849 3826 insaniens3
874 3740 1038 3824 Claudius,
1051 3743 1183 3826 ingenio
1197 3740 1359 3826 praeditus

254 3839 360 3920 tardo,
383 3846 416 3905 et
441 3842 605 3907 uxoribus
630 3843 822 3929 libertisque
849 3846 1024 3929 addictus3
1040 3847 1043 3851 ’
1058 3842 1156 3924 Nero,
1179 3844 1359 3910 sceleribus

253 3960 320 4007 non
347 3943 454 4009 minus
482 3943 625 4023 infamis,
650 3965 751 4029 quam
781 3932 936 4030 ineptiis'3
969 3943 1078 4010 Galba
1100 3966 1241 4027 avarus3
1276 3942 1358 4009 orb

254 4045 364 4111 mollis
388 4053 422 4113 et
443 4045 625 4129 delicatus3
651 4043 794 4112 Vitellios
815 4069 939 4129 saevus,
961 4051 1115 4134 ignavus,
1139 4055 1173 4115 et
1195 4068 1260 4114 non
1281 4066 1360 4132 pro*-

253 4144 366 4213 iundae
394 4149 506 4227 modo,
533 4150 593 4214 sed
618 4150 858 4236 intempestiva
885 4155 985 4218 etiam
1014 4173 1056 4218 ac
1085 4151 1231 4219 sordidae
1260 4150 1358 4233 gule.

245 4244 335 4326 Quo
349 4251 462 4316 occiso
473 4254 680 4340 respublica
700 4274 745 4322 ex
768 4260 859 4322 tanta
880 4257 978 4340 quasi
998 4257 1157 4323 fluctuum
1175 4253 1358 4341 jactatione
