3059 4925
494 347 633 416 erasti,
656 352 703 404 ar
723 351 950 406 suvsnsnrs.
1221 337 1286 408 1oe

179 502 567 590 negligentia,quamars
580 506 828 574 assentientur.
858 507 1057 594 Plerumque
1065 510 1153 577 enim
1162 511 1284 584 idonea

179 608 371 685 occasione,
382 627 404 673 a
416 613 562 692 tempore
575 609 700 693 aliquo,
714 610 769 676 vel
781 610 870 688 loeo,
883 610 939 676 vel
957 613 1119 694 personis,
1134 615 1188 680 vel
1203 635 1284 684 cura

177 713 212 775 et
231 708 443 793 cogitatione,
459 710 495 774 in
520 730 588 794 qua
600 716 763 790 versatur,
781 710 1007 797 suppeditata,
1028 718 1062 777 ct
1083 713 1283 785 dissimilata

178 810 307 876 ridendi
335 812 586 897 castigandique
613 814 794 894 voluntate,
831 814 978 898 obliquis
1009 815 1215 884 orationibus
1248 826 1283 888 ct

176 913 269 979 velut
281 915 380 997 longe
391 914 482 980 aliud
495 929 608 997 agens,
621 933 745 981 errores
759 936 800 982 ac
811 918 893 983 vitia
915 919 1035 1003 carpit,
1047 938 1102 984 res
1123 920 1234 986 varias
1248 926 1284 990 et

177 1021 297 1101 sponte
310 1016 579 1083 subministrans
600 1019 819 1103 persequitur,
832 1019 974 1084 missilia
993 1018 1164 1104 inopinato
1186 1040 1283 1107 spar-

178 1117 238 1201 git,
265 1118 489 1201 imprudentes
511 1118 657 1184 adoritur
678 1137 724 1183 ex
744 1118 889 1198 insidiis,
911 1119 1041 1186 subitos
1061 1120 1283 1209 obliquosque

177 1220 237 1286 dat
258 1221 359 1300 ictus,
375 1237 509 1287 amoena
529 1221 606 1286 loca
628 1221 830 1305 negligenter
851 1240 892 1286 ac
915 1222 1020 1288 libero
1042 1241 1141 1288 curm
1162 1243 1283 1308 perva-

29 1353 36 1360 ·
179 1328 287 1407 gabrr,
303 1342 396 1409 saepe
410 1323 452 1388 de
464 1324 523 1390 ria
536 1323 693 1402 decimat,
705 1340 809 1408 quam
830 1324 932 1390 modo
944 1324 1072 1403 inierat,
1092 1331 1127 1391 et
1146 1327 1200 1392 vel
1214 1347 1284 1393 cer·

178 1425 251 1491 tam
272 1424 372 1491 tinem
386 1425 630 1510 consiliumque
641 1425 732 1492 baud
745 1427 841 1511 sequi
853 1426 992 1505 videtur,
1006 1426 1061 1491 vel
1081 1425 1126 1491 ad
1149 1433 1282 1509 meum,

177 1529 209 1594 si
222 1548 292 1613 qna
310 1530 343 1594 ei
362 1533 427 1609 est,
450 1530 558 1613 longis
583 1529 780 1613 ambagibus
799 1528 1010 1613 flexibusque
1033 1528 1175 1598 diversis
1195 1530 1284 1598 lento

177 1632 358 1711 contendit,
371 1632 420 1697 ita
443 1638 480 1697 nt
500 1631 654 1716 plurimae
676 1630 752 1717 ejus
775 1632 887 1697 satirae
905 1631 1082 1716 imaginem
1104 1632 1284 1701 exhibeant

177 1734 425 1812 ambulationis,
440 1735 475 1799 in
488 1753 556 1818 qna
570 1734 731 1819 quaelibet
750 1733 827 1799 loca
840 1733 941 1799 devia
960 1740 999 1810 ὥς
1013 1729 1165 1823 ὶνπαςίδῳ
1176 1735 1283 1802 oculis

175 1836 422 1924 perlustrantur,
437 1841 471 1901 et
482 1837 590 1901 omnis
603 1836 661 1902 via
673 1842 727 1904 est
745 1842 848 1903 recta
892 1836 1028 1903 Persius
1051 1842 1084 1902 et
1107 1835 1283 1904 turmalis

176 1949 412 2021 nonuunquam
423 1936 558 2021 quidem
572 1935 753 2004 Horatium
766 1939 867 2003 ctiam
878 1937 944 2004 bac
956 1939 993 2003 in
1010 1958 1046 2004 re
1059 1938 1179 2004 imitati
1193 1945 1281 2020 sunt,

177 2039 238 2105 sed
248 2040 444 2126 plerumque
456 2058 548 2106 more
561 2038 832 2126 pbilosopborum
846 2039 1076 2126 rbetorumque
1089 2060 1189 2107 uuam
1209 2047 1282 2108 tan·

176 2148 248 2208 tum
261 2143 371 2208 tbesin
383 2144 566 2226 explicant,
586 2148 622 2208 et
640 2147 732 2209 recto
745 2143 861 2210 itinero
884 2142 1027 2226 dirigrmt
1048 2162 1193 2222 cursum,
1213 2163 1282 2229 quo

176 2245 388 2325 contendunt,
402 2264 479 2312 raro
499 2264 522 2310 a
541 2245 600 2312 via
618 2246 821 2312 aberrantes:
842 2246 1040 2329 negligentia
1059 2246 1148 2311 enim
1169 2245 1282 2313 Hora·

176 2349 281 2429 tiana,
292 2368 370 2434 qnae
392 2350 426 2414 in
442 2349 564 2436 jocoso
577 2347 711 2413 dicendi
725 2367 841 2433 genere
855 2347 994 2414 mirifice
1007 2367 1071 2414 nos
1091 2348 1245 2428 ddectat,
1261 2367 1283 2414 a

177 2452 332 2538 graviore
351 2471 392 2519 ac
407 2451 542 2521 sublimi
556 2450 706 2519 oratioue
719 2450 832 2543 aliem
845 2454 906 2518 est.
951 2449 1047 2517 Illius
1069 2448 1182 2518 sadroe
1204 2455 1283 2519 sunt

175 2551 321 2642 po'dticae
344 2555 621 2642 pertractationes
643 2553 882 2640 propositionis
905 2552 1158 2639 philosophicae,
1181 2551 1282 2641 hujus

177 2676 258 2724 vero
281 2658 437 2724 demens
462 2657 636 2741 rhetorici3
657 2657 769 2724 doctae
791 2656 927 2743 quidem
948 2661 982 2721 et
1002 2654 1164 2721 interdum
1191 2656 1282 2740 inge·

174 2760 296 2838 siesse,
309 2777 387 2843 quaa
401 2764 512 2825 nmen
525 2759 632 2843 magis
653 2778 690 2825 se
712 2757 945 2825 commendant
965 2762 1047 2837 arte,
1061 2775 1130 2842 qua
1153 2757 1283 2841 singuh

175 2866 430 2948 pertractantur,
445 2880 548 2946 quam
556 2861 693 2948 po'etica
709 2862 988 2945 inventioneque
1008 2877 1145 2944 prorsus
1166 2862 1283 2925 carent

176 2961 258 3043 illm,
280 2962 457 3047 inquibus
476 2962 570 3028 vana
593 2968 719 3030 nutum
742 2964 842 3029 unius
859 2961 1029 3027 bominum
1050 2960 1177 3044 generis
1199 2961 1283 3026 vitia

38 3132 40 3135 .
176 3069 397 3144 recensentur,
411 3083 445 3130 v.
455 3084 488 3130 c.
501 3064 672 3131 mulierum
686 3065 722 3129 in
735 3070 833 3129 sexta
846 3063 950 3130 satira
961 3061 1150 3130 iuvenalis.
1226 3130 1227 3135 ,

218 3165 262 3232 In
286 3167 521 3233 sectandam
547 3186 638 3233 nexu
666 3186 840 3251 rerumque
864 3165 979 3231 ordine
1005 3170 1040 3230 et
1062 3164 1283 3235 collocatione

177 3268 343 3335 Horatius
369 3288 438 3334 non
469 3268 572 3335 modo
599 3269 844 3354 negligentiam,
878 3287 1019 3353 eamque
1045 3268 1281 3351 gratissimam,
1374 3348 1378 3357 Δ

177 3368 334 3448 ostendit,
355 3370 414 3435 sed
438 3388 601 3436 summam
620 3389 756 3456 quoque
782 3375 897 3450 artem
912 3389 1014 3455 quam
1029 3374 1141 3435 nmen
1164 3369 1281 3438 sedulo

176 3471 367 3539 dissimilet.
423 3472 511 3538 Tam
532 3471 674 3537 naturali
698 3472 786 3536 enim
820 3475 979 3555 arctoque
1005 3470 1142 3535 viuculo
1170 3472 1283 3539 omniu

176 3574 367 3652 constricta,
379 3577 448 3639 tam
461 3573 598 3638 mirifice
608 3573 677 3639 alia
689 3593 734 3637 ex
746 3573 822 3638 aliis
836 3577 918 3656 apta
930 3576 965 3636 et
984 3589 1074 3636 nexa
1086 3576 1173 3650 sunt,
1188 3575 1283 3637 tanta

175 3675 339 3741 facilitate
347 3676 453 3741 oratio
467 3675 567 3740 currit
580 3694 621 3741 ac
635 3674 718 3754 fluit,
732 3680 802 3740 tam
813 3675 896 3739 scite
908 3677 1059 3739 extrema
1068 3692 1145 3738 cum
1164 3673 1282 3757 primis

177 3781 210 3842 et
232 3780 437 3862 partescum
458 3782 526 3843 totu
545 3776 721 3855 cobserent,
735 3783 772 3842 ut
793 3776 864 3841 sine
883 3775 1005 3858 insigni
1027 3774 1131 3840 totius
1155 3774 1282 3840 ordinis

177 3878 419 3972 perturbatione
433 3881 494 3946 vix
507 3880 688 3965 quicquam
701 3879 757 3946 vel
770 3878 940 3962 transponi
958 3876 1067 3960 possit
1088 3875 1143 3941 vel
1161 3875 1282 3955 omitti,

179 3981 411 4064 utquednbius
433 3983 493 4062 sis,
502 3986 612 4047 utrum
622 3982 753 4066 singula
765 3999 847 4046 casu
870 3999 912 4045 ac
933 3984 1053 4064 sponte
1075 3979 1142 4042 siut
1154 3976 1281 4055 oblata,

181 4082 234 4149 vel
252 4089 332 4150 nata
351 4089 497 4168 repente,
511 4090 544 4150 et
557 4084 629 4149 siue
643 4082 755 4150 studio
770 4102 812 4148 ac
833 4101 914 4149 cura
934 4081 1021 4147 ceris
1044 4079 1215 4158 mandata,
1236 4096 1282 4143 au

183 4182 353 4271 diligenter
360 4191 438 4255 aute
449 4191 639 4255 exnusaet
657 4188 809 4272 quaesita,
823 4186 878 4253 vel
890 4181 1131 4272 premeditato„
1175 4178 1283 4248 Persii
