3059 4925
509 325 753 377 nouauurruu
778 327 919 379 renuis.
1222 309 1267 381 89

205 474 273 541 Sed
280 473 354 560 jum
365 474 667 560 progrediamurad
678 493 851 540 recensum
859 495 984 557 eorum,
998 475 1057 559 qui
1069 475 1264 542 Locrorum
1360 477 1366 486 “

159 583 195 644 et
210 577 331 643 Salirae
355 578 399 642 ab
421 597 462 644 ec
485 578 628 642 inventae
643 597 747 661 genus
769 578 890 644 imitati
903 584 991 644 sunt.
1036 579 1130 644 Huic
1145 578 1265 646 Satires

161 679 304 764 primum
317 699 436 746 novam
449 680 546 764 plane
568 679 739 763 multoque
753 680 922 744 meliorem
941 681 1049 747 induit
1066 682 1202 747 femiam
1217 683 1266 746 in·

163 783 294 866 genium
311 781 495 860 nornen,
518 783 577 866 qui
591 782 742 846 maculas
772 789 806 848 et
828 782 934 862 labes,
955 794 1025 849 tum
1046 786 1173 854 incuria
1186 804 1267 852 auc·

162 886 257 962 toris,
272 890 342 950 tum
356 885 474 950 saeculi
490 886 585 969 genio
600 886 632 949 ei
651 904 819 970 aspersas,
843 885 940 968 eluit3
963 889 1135 954 verborum
1150 895 1267 954 contu·

161 989 270 1053 meliis
293 993 326 1052 et
347 989 537 1072 petulantiae
556 987 655 1073 jocos
684 994 719 1055 et
742 987 843 1068 sales,
866 990 1071 1074 orationique
1096 990 1217 1056 subitae
1232 997 1265 1057 et

160 1091 352 1170 incuriosae,
373 1090 515 1157 horridae
529 1097 562 1157 et
577 1092 719 1170 scabrae,
741 1092 914 1157 obscoenae
930 1098 964 1157 et
978 1092 1124 1177 procaci,
1147 1099 1268 1156 tersum

161 1199 197 1257 et
210 1192 373 1272 limatam,
394 1215 512 1278 puram
526 1201 559 1259 et
574 1194 782 1278 aequabiliter
792 1194 956 1273 fluentem,
971 1194 1113 1259 facetam
1126 1199 1159 1260 et
1172 1196 1268 1260 urba·

161 1315 240 1360 uam
257 1298 450 1378 substituit3
472 1304 506 1363 et
528 1317 637 1383 neque
651 1296 775 1364 Graeca
796 1299 974 1363 immiscuit
993 1298 1133 1375 Latinis,
1161 1313 1268 1382 neque

165 1397 269 1462 alium
284 1419 383 1482 quam
397 1402 566 1484 heroicum
591 1418 721 1465 versum
735 1399 896 1466 adhibuit.
941 1399 1040 1464 Illum
1069 1400 1134 1464 sibi
1156 1420 1270 1465 exem·

164 1499 240 1586 plur
253 1521 454 1585 proposuere
467 1502 667 1586 posteriores
680 1500 792 1586 potitae
806 1502 945 1581 satirici,
960 1504 1062 1570 etiam
1075 1503 1212 1569 secundi
1227 1504 1270 1568 ab

164 1623 217 1683 eo,
241 1603 410 1690 Punsrus
438 1610 471 1669 et
492 1604 730 1671 Juvnnaurs:
759 1610 795 1670 at
816 1607 958 1690 quisque
982 1625 1095 1670 eornm
1114 1605 1272 1689 singulari

164 1725 281 1790 genere
296 1706 429 1771 dicendi
443 1727 525 1772 usus
540 1714 603 1788 est,
625 1714 659 1773 et
681 1707 814 1773 diversa
828 1709 968 1787 ratione,
991 1728 1053 1792 pro
1067 1709 1272 1791 ingeniorum

165 1813 416 1893 temporumque
430 1809 631 1891 diversitate,
655 1795 848 1895 argumenta
861 1807 1023 1878 uacant.
1064 1809 1167 1889 Quod
1180 1810 1273 1876 intel·

164 1911 287 1995 ligetur
298 1932 342 1977 ex
356 1913 509 1997 proxima
523 1915 811 1992 commentatione,
834 1914 869 1978 in
884 1913 1007 1996 quade
1024 1910 1172 1985 Horatio,
1192 1909 1274 1975 Per·

166 2014 223 2095 sio,
238 2034 280 2080 ac
297 2011 452 2078 Jooeuole
466 2036 616 2081 seorsum
631 2015 843 2095 disseremus,
856 2016 965 2081 ethos
979 2013 1272 2100 poetassatiricos,

167 2136 309 2201 quorum
322 2135 427 2201 opera
439 2119 592 2183 manibus
606 2117 714 2184 adhuc
730 2118 852 2183 nostris
866 2122 1022 2195 teruntur,
1037 2116 1120 2181 inter
1134 2135 1170 2180 se
1182 2135 1272 2181 com·

166 2220 372 2304 parabimus.
417 2219 517 2285 Nunc
531 2220 673 2285 sufficiat
686 2219 829 2285 breviter
842 2219 1047 2284 recensuisse
1062 2222 1188 2284 ceteros
1206 2214 1274 2281 Lo·

168 2320 233 2385 ciiii
247 2323 442 2403 imitatores,
464 2343 604 2407 quorum
619 2322 740 2388 Satirie
755 2328 880 2388 tantum
894 2341 961 2388 nou
972 2341 1086 2387 omnes
1099 2320 1273 2386 intercide·

167 2431 261 2493 runt:
294 2425 384 2510 quod
413 2446 482 2510 quc
510 2426 622 2491 minus
648 2425 784 2510 grarim
808 2425 1006 2503 doleremus,
1033 2443 1083 2531 'eo
1107 2423 1275 2509 probibuit

168 2528 313 2608 fortuna,
336 2527 426 2612 quod
443 2529 631 2594 triumviros
646 2527 723 2592 illos
737 2528 835 2593 uobis
849 2529 1006 2594 servavit.

209 2628 301 2697 Aute
319 2628 503 2710 Horatium,
525 2631 583 2716 qui
599 2649 630 2697 a.
647 2629 691 2695 U.
706 2651 738 2696 c.
753 2632 830 2697 689.
846 2631 996 2716 adeoque
1012 2646 1066 2695 xe
1088 2630 1158 2695 fere
1178 2630 1274 2695 annis

168 2741 249 2822 post
263 2734 386 2800 Lucilii
400 2740 535 2801 mortem
549 2741 648 2801 natus
662 2742 724 2814 est,
746 2755 813 2800 uon
826 2735 981 2814 defuisse,
1009 2734 1067 2818 qui
1087 2732 1186 2818 hujus
1199 2733 1275 2816 qui·

168 2838 246 2905 dem
269 2839 436 2923 exemplo,
460 2836 528 2901 sed.
542 2857 661 2921 parum
686 2855 850 2924 prospero
875 2842 1016 2902 conatus
1032 2853 1201 2911 successu,
1229 2833 1275 2899 ad

171 2939 302 3007 Satires
317 2940 510 3006 scribendas
524 2940 670 3004 animum
685 2940 900 3024 appellerent,
922 2940 978 3003 ille
995 2957 1057 3002 nos
1083 2937 1158 3020 ipse
1177 2935 1276 3001 docet

171 3045 244 3110 Sat.
262 3061 288 3108 1.
304 3043 358 3108 10.
372 3043 427 3110 46.
444 3061 515 3126 seq.
559 3042 664 3108 ‘Hoc
681 3043 868 3128 [satiricum
881 3039 1017 3126 poema]
1037 3044 1121 3116 erat,
1135 3043 1277 3121 experto

171 3147 295 3213 frustra
301 3144 451 3211 Varrone
461 3144 604 3211 Atacino
612 3145 725 3231 Atque
739 3144 942 3230 quibusdam
956 3144 1043 3223 aliis,
1057 3142 1175 3207 melius
1186 3140 1277 3223 quod

172 3249 316 3317 scribere
325 3267 471 3333 possem,
494 3247 670 3314 Inventore
684 3246 811 3313 minor!
845 3248 914 3313 Hic
929 3253 980 3313 est
995 3246 1038 3313 P.
1052 3244 1276 3310 Taenarius

172 3352 326 3431 Vnurro,
348 3357 446 3417 natus
461 3352 591 3417 circiter
605 3372 638 3417 a.
653 3351 699 3418 U.
715 3371 746 3417 c.
760 3351 837 3417 670.
852 3355 920 3416 eta
934 3346 1175 3434 patriaAtace,
1195 3343 1277 3410 Gal-

173 3457 228 3522 liae
257 3440 486 3522 Narbonensis
510 3455 600 3532 vico,
630 3453 679 3539 (v.
710 3453 851 3518 Hieron.
879 3452 913 3516 in
936 3449 1056 3516 Chrcn.
1086 3447 1211 3513 Euscb.
1233 3444 1278 3510 ad

175 3558 311 3644 Olymp.
326 3557 402 3624 174.
417 3576 448 3621 a.
463 3556 512 3635 2.)
523 3557 575 3620 vel
590 3555 633 3621 ab
648 3553 769 3640 Atace,
781 3552 991 3619 Narbonensi
1004 3552 1118 3629 fluvio,
1131 3547 1182 3635 (v.
1197 3547 1279 3614 Por·

174 3665 269 3749 phyr.
285 3661 329 3726 ad
344 3661 463 3726 Horat.
476 3660 499 3723 l.
513 3657 555 3744 l.)
569 3658 678 3724 dictus
692 3655 904 3723 Aricinus,
948 3654 985 3720 Is
1009 3661 1129 3740 praeter
1150 3651 1279 3719 Satires

175 3765 311 3850 scripsit
320 3761 545 3846 Argonautica
556 3760 744 3844 bellumque
752 3752 986 3844 Sequaqicum,
994 3762 1029 3821 et
1031 3755 1161 3841 judicio
1171 3752 1277 3833 Quin·

176 3869 221 3935 til.
238 3885 280 3933 x.
296 3868 328 3932 1.
343 3886 372 3931 s.
387 3866 443 3931 87.
465 3869 476 3900 ‘
492 3863 595 3943 iniis,
617 3883 677 3947 per
691 3883 768 3946 quae
780 3879 901 3925 nomeu
918 3863 969 3923 est
983 3863 1170 3935 assecutus,
1182 3856 1279 3920 inter·

177 3990 252 4055 pres
276 3970 340 4035 fuit
361 3968 473 4055 operis
497 3965 608 4045 alieni,
631 3984 696 4029 nou
709 3962 913 4049 spernendus
933 3958 1079 4047 quidem,
1104 3976 1219 4023 verum
1234 3955 1279 4020 ad

179 4073 359 4157 aagendam
371 4071 563 4138 facultatem
578 4067 711 4139 dicendi
723 4085 841 4152 parum
854 4061 1025 4149 locuples?
1057 4060 1182 4127 Praeter
1191 4057 1279 4124 hunc

177 4175 341 4261 quosdam
354 4176 440 4243 alios
454 4175 623 4242 satiricum
647 4170 780 4239 dicendi
804 4188 905 4258 genus
927 4166 1047 4233 frustm
1061 4167 1138 4229 ante
1160 4181 1198 4253 se
1218 4181 1279 4253 ere=
