3059 4925
721 380 923 440 EXCURSUS

607 955 1037 1035 Excnnsns

665 1164 717 1218 AD
734 1165 809 1218 SAT.
825 1162 874 1218 1V.
891 1168 973 1220 2427.

311 1359 596 1433 ΜΑΒκιΑΝΙ).ἰιι
610 1358 717 1451 Epist.
733 1364 816 1431 Criu
831 1384 867 1450 p.
881 1367 958 1432 152.
972 1362 1057 1430 hunc
1068 1365 1179 1431 locum
1189 1365 1241 1430 'sic
1257 1364 1372 1433 distin-

266 1471 338 1557 guit
352 1475 386 1535 et
400 1471 570 1537 emendat:
609 1467 717 1532 Multa
738 1466 885 1546 videmus,
912 1467 989 1537 Qun
1012 1466 1116 1547 mirer,
1142 1479 1171 1533 et
1186 1467 1288 1556 frugi
1309 1490 1372 1533 uon

254 1572 343 1660 serit
357 1571 508 1657 Apicius:
539 1571 600 1637 lucc
626 1582 661 1636 tu
684 1570 864 1636 Succinctus
879 1570 1006 1635 Phario
1032 1570 1197 1658 quondum,
1214 1569 1371 1657 Crispina,

264 1696 385 1763 papyro
392 1672 413 1740 32
436 1672 507 1740 Hoc
519 1677 655 1762 pretium
670 1673 829 1763 squama?
849 1673 986 1762 Adjecit
999 1675 1063 1741 has
1077 1678 1244 1741 rationes:
1267 1674 1372 1741 ‘Vox

268 1776 392 1842 Pharia
407 1780 568 1845 valentior
581 1782 709 1845 videtur
723 1780 767 1844 ad
782 1780 994 1845 excitandam
1015 1779 1175 1844 invidiam
1197 1784 1231 1844 et
1255 1778 1371 1844 odium

266 1880 425 1948 adversus
450 1881 651 1967 Crispinum,
677 1889 794 1968 utpote
820 1878 1028 1968 AEgyptium‚
1058 1901 1161 1966 quam
1184 1882 1243 1949 illa
1267 1883 1371 1948 altera

260 1981 392 2070 putriu5
414 1990 459 2063 et,
472 1986 561 2069 quod
574 2005 737 2050 summum
751 1991 812 2065 cst,
826 1986 856 2049 si
865 1983 976 2070 putria
990 1984 1144 2062 retineas
1158 2002 1225 2048 non
1247 1984 1370 2056 exinde

260 2082 422 2175 :colligere
433 2093 544 2172 potes,
559 2091 654 2176 cujus
666 2089 810 2171 regionis
821 2087 919 2152 fuerit
934 2085 1127 2170 Crispinus:
1158 2083 1266 2171 putria
1282 2088 1371 2157 enim

258 2208 401 2276 papyrus
425 2211 493 2256 non
517 2191 706 2256 necessario
732 2188 919 2276 AEgpptium
940 2209 1097 2274 papyrum
1123 2188 1270 2268 denotat,
1286 2211 1372 2275 quo·

264 2293 353 2356 niam
375 2294 410 2357 in
436 2294 514 2358 aiiis
538 2293 638 2358 etiam
661 2293 855 2376 regionibus
871 2293 1069 2356 nascebatur
1088 2290 1257 2377 papyrus?
1302 2290 1371 2357 Sed

266 2401 380 2459 contra
394 2414 470 2459 eum
485 2396 558 2481 jam
573 2396 621 2460 ita
636 2396 822 2481 disputavit
835 2394 1000 2461 Schrader
1013 2395 1049 2458 in
1061 2393 1247 2460 Observati
1264 2417 1300 2482 p.
1315 2396 1369 2464 19.

265 2499 276 2532 ‘
293 2496 446 2582 Papyrus
459 2498 620 2583 AEgypiia
633 2496 719 2563 adeo
739 2495 862 2565 nobilis
877 2504 958 2578 erat,
969 2504 1006 2565 nt
1025 2495 1127 2563 Nilus
1142 2500 1249 2563 amnis
1262 2519 1370 2585 papy-

182 2666 186 2672 ,
261 2599 339 2664 rifer
353 2600 584 2683 appellaretur,
599 2605 633 2666 et
649 2600 788 2668 Niliaca
801 2622 953 2688 papyrus
964 2604 1007 2667 ab
1022 2602 1175 2667 omnibns
1189 2603 1370 2667 celebrare·

258 2707 334 2791 int:
368 2722 401 2767 v.
428 2701 601 2769 Munckcr.
625 2702 670 2768 ad
695 2704 841 2788 Fulgent.
858 2722 884 2770 1.
905 2726 944 2789 p.
959 2706 1013 2772 19.
1068 2701 1248 2768 Succinctus
1270 2705 1369 2790 igitur

257 2803 370 2889 punio
388 2825 513 2891 papyro
526 2811 664 2871 notatet
677 2806 829 2890 designat
841 2806 1047 2891 AEgyptium.
1092 2807 1159 2872 Sed
1173 2812 1289 2872 contra
1300 2829 1368 2874 suc·

263 2907 379 2974 cinctur
397 2903 523 2970 Piuriu
541 2928 665 2995 papyro
688 2930 756 2975 non
775 2912 966 2975 necessario
982 2909 1146 2993 significat
1160 2910 1367 2994 AEgypiium,

258 3011 422 3100 'quoniam
436 3012 486 3075 sic
501 3013 648 3095 succingi
661 3017 791 3096 poterat
805 3012 999 3095 alienigena.
1045 3010 1174 3076 Deinde
1194 3012 1368 3078 constabat

256 3114 343 3180 inter
369 3132 493 3191 ornnes,
517 3111 707 3198 Crispinum
731 3135 807 3181 esse
831 3114 1049 3200 AEgyptium:
1082 3113 1266 3179 sufficiebat
1289 3133 1366 3197 ergo

257 3214 379 3301 putria.
424 3214 580 3297 Denique
603 3223 746 3301 receptus
770 3217 905 3281 lectioni
926 3216 1152 3281 firmissimum
1172 3215 1366 3300 praesidium

254 3322 313 3404 ⁷est
330 3315 370 3381 'in
391 3335 442 3381 vs.
455 3316 519 3381 32.
533 3316 592 3382 ubi
611 3316 711 3400 poeta
729 3319 880 3385 similiter
901 3317 1022 3383 siluros
1038 3316 1185 3402 Crispini
1199 3316 1366 3403 municipes

261 3422 372 3484 uocat.
417 3416 628 3482 ccsmmas.
643 3417 688 3483 ad
701 3417 804 3484 Solin.
819 3440 853 3505 p.
868 3419 956 3487 9393

305 3520 368 3585 Vs.
391 3520 443 3585 25.
509 3517 581 3584 Hoc
600 3521 705 3606 pretio
729 3541 862 3608 squumc
885 3522 936 3610 (h.
957 3544 988 3587 e.
1013 3528 1107 3588 tanto
1128 3524 1238 3607 pretio
1260 3524 1365 3608 piscis

261 3620 333 3687 scil.
359 3642 381 3687 a
405 3628 438 3687 tc
461 3623 582 3689 emitur
609 3625 663 3689 vel
691 3630 797 3689 emtus
826 3630 888 3703 est,
925 3624 1014 3709 quod
1040 3626 1177 3689 verbum
1204 3645 1286 3690 mox
1315 3645 1364 3690 se·

260 3721 387 3810 quitur)
414 3725 703 3793 1.61-63.68-73.
726 3728 781 3793 75.
804 3726 859 3793 76.
881 3725 936 3792 82.
981 3724 1054 3791 Hoc
1073 3724 1206 3811 pretium
1231 3747 1363 3811 squama

256 3826 306 3905 (h.
326 3846 356 3892 e.
379 3832 506 3892 tantum
524 3831 666 3911 pretium
688 3836 740 3895 est
762 3851 791 3895 s.
815 3831 914 3914 ponis
939 3831 1052 3909 mullo,
1079 3849 1105 3895 s.
1129 3828 1235 3907 mulli,
1256 3829 1363 3913 piscis

259 3929 444 4012 squamosi,
464 3949 486 3993 a
505 3934 537 3995 te
551 3932 643 4009 emti)
666 3933 697 3997 7.
714 3929 1093 3997 10.11.1417.19-27.
1111 3932 1165 3997 29.
1180 3932 1292 3997 45-50.
1304 3932 1360 3997 54»

259 4032 314 4096 60.
327 4031 440 4097 64-67.
455 4033 511 4097 74.
525 4031 581 4097 83.
596 4030 651 4098 84.
664 4034 761 4117 prob.
777 4023 972 4099 Schradero.
1017 4033 1084 4098 Sed
1100 4033 1228 4100 doctior
1241 4039 1292 4100 est
1305 4033 1361 4097 illa

257 4132 370 4213 lectio,
389 4139 424 4200 et
443 4134 571 4219 piscem
585 4136 696 4222 potius
708 4157 865 4224 squamus,
890 4156 990 4222 quarn
1003 4129 1163 4224 munuum
1177 4135 1245 4202 dici
1259 4132 1360 4202 credi·

259 4231 374 4301 decim.
