3059 4925
263 320 327 386 leo
430 385 435 391 ,
505 334 554 383 nn
577 329 660 415 sar,
682 330 1037 395 nuc1n11,nonnrrr,
1062 318 1124 381 &c

263 473 395 564 quoque
413 473 627 562 aptissimum
645 474 719 553 suit,
740 476 771 538 si
793 474 875 558 quid
891 474 1019 558 judico,
1040 474 1122 539 iilud
1142 465 1360 542 muscae-mo-

258 573 380 680 ⁴rendae¹
403 581 561 656 studium,
588 578 679 663 quod
704 579 740 642 in
767 578 931 642 nonnullis
955 577 1041 642 locis
1065 579 1192 642 elucere
1217 579 1360 659 ridetur,

758 746 870 796 NOTAE

263 877 313 914 nec
323 860 400 911 fortia
411 861 539 925 majorum
549 876 653 911 suornm
674 864 795 927 exempla
832 861 967 913 scientiam
983 867 1084 911 retorta
1105 875 1209 925 prorsus
1230 835 1362 911 hebescat.

161 937 165 945 “
263 945 450 1003 represserant,
468 943 594 987 matronae
608 938 730 987 Persides
748 955 793 1004 pe·
833 938 958 1003 Quisquis
979 938 1059 1001 igitur
1079 937 1218 987 historicus
1237 935 1364 999 appellari

257 1017 319 1080 ,pios
331 1015 394 1079 ipsae
405 1015 453 1064 sibi
466 1030 525 1064 suos
546 1014 579 1062 ab
590 1014 642 1064 irno
661 1017 795 1065 sustollen·
832 1015 937 1075 meruit,
957 1027 999 1062 res
1028 1009 1148 1061 honestas
1166 1019 1195 1061 et
1213 1017 1303 1075 tmpes
1324 1011 1363 1068 uti

262 1099 312 1153 tes,
332 1094 574 1155 interrogantesque
590 1107 621 1141 an
640 1093 710 1154 illuc,
723 1094 792 1142 unde
833 1106 942 1154 quaeque
951 1094 1103 1154 gestaesnnt
1114 1089 1238 1153 exponit3
1255 1095 1363 1146 rectene

262 1168 313 1232 ipsi
329 1167 445 1231 fugacem
457 1167 550 1230 pedem
570 1166 681 1217 infantes
692 1170 792 1218 extule-
833 1183 864 1216 an
882 1182 956 1216 secus
968 1173 1048 1229 gestae
1061 1166 1122 1228 sint,
1141 1180 1211 1215 cnrae
1230 1179 1287 1213 esse
1309 1180 1362 1214 suae

262 1251 330 1307 rant,
343 1244 485 1308 confugere
503 1246 611 1306 vellent,
631 1245 734 1309 objecto
745 1262 791 1309 pus
832 1242 875 1293 vix
882 1249 967 1307 putat,
979 1259 1036 1292 cnm
1045 1244 1067 1292 is
1079 1244 1113 1302 sit
1122 1243 1167 1307 qul
1177 1242 1210 1290 ab
1219 1241 1362 1291 Aristotele

260 1323 324 1371 dore
336 1323 364 1370 in
372 1322 481 1371 mediam
491 1321 700 1385 persequentium
709 1324 792 1372 aciem
832 1321 928 1370 dicitur
948 1319 1020 1380 μέσος
1035 1320 1074 1369 nal
1086 1318 1235 1369 αὐθέκαστος.
1268 1319 1364 1368 Satira·

263 1410 322 1447 cum
341 1399 450 1447 victoria
472 1405 664 1449 converterunt.
697 1401 805 1465 Itaque·
832 1412 889 1446 rum
911 1397 1023 1459 scriptor
1043 1410 1176 1446 censuram
1199 1395 1253 1458 agit
1282 1395 1363 1445 etiarn

262 1488 313 1523 non
325 1474 415 1523 inutile
426 1488 482 1523 esse
493 1474 596 1523 videtur
613 1489 698 1524 rerum
710 1476 792 1540 turpi·
832 1487 891 1522 cum
910 1479 1012 1532 narrat;
1032 1473 1127 1522 etenim
1147 1473 1228 1521 instat
1249 1478 1277 1520 nt
1288 1486 1364 1521 acco·

262 1555 304 1599 ter
328 1556 459 1612 gestarum
481 1550 668 1613 turpitudinem
691 1552 726 1600 sic
748 1567 792 1601 ex·
831 1556 909 1612 sator,
920 1548 1039 1614 disquirit
1056 1555 1086 1598 ut
1102 1548 1195 1613 judex,
1206 1548 1316 1611 castigat
1335 1554 1365 1597 nt

263 1626 387 1690 probrare
407 1627 542 1688 narrando,
564 1635 593 1676 ut
612 1627 738 1690 pudorem
759 1628 792 1677 de
832 1624 936 1674 vindex.
970 1626 1017 1673 Est
1029 1624 1268 1673 autemcommunis
1287 1625 1365 1672 histo·

260 1700 392 1751 frontibus
411 1693 489 1752 etism
508 1697 736 1767 impudentissimis
748 1719 792 1754 ex·
829 1702 880 1751 ‘rias'
890 1701 1028 1766 satiraeqne
1044 1698 1171 1764 παῤῥησία,
1188 1716 1239 1765 qna
1250 1703 1366 1764 cavetur,

262 1779 409 1843 primamne.
444 1781 525 1845 Immo
556 1782 606 1830 hoc
633 1781 793 1845 potissimum
834 1770 996 1842 nequidilla
1016 1777 1069 1825 veri
1092 1778 1180 1827 dicere
1192 1790 1243 1825 non
1261 1777 1365 1839 audeat,

264 1854 397 1919 quaeritur,
419 1855 470 1904 isto
487 1855 633 1918 praesertim
656 1856 794 1904 satirarum
834 1868 900 1901 neve
922 1854 984 1918 quid
1004 1852 1053 1901 ista
1075 1851 1194 1916 probrosi
1213 1864 1321 1914 carpere
1337 1858 1366 1901 et

265 1945 373 1996 genere,
394 1933 462 1997 quod
484 1948 583 1982 morum
605 1933 794 1985 imitationibus
834 1937 926 1981 notate
953 1928 1083 1979 formidet·
1125 1930 1218 1993 Itaque
1248 1944 1306 1978 cum
1332 1944 1367 1980 ex

260 2021 297 2058 'ac
319 2008 536 2074 descriptionibus
556 2013 667 2060 constat.
684 2008 726 2059 Cf.
740 2009 795 2060 Ho-
835 2009 921 2058 'rernm
946 2015 1076 2072 gestarum
1102 2007 1251 2072 cognitione
1277 2021 1369 2071 praro-

263 2091 313 2135 rat.
331 2086 387 2135 Sat.
406 2100 425 2136 1.
440 2091 464 2135 4.
476 2090 501 2136 2.
515 2102 553 2152 sq.
573 2093 600 2136 et
619 2090 739 2136 11.1.62.
755 2102 794 2152 sq.
835 2098 944 2149 rumque
961 2098 1060 2133 momm
1076 2082 1237 2134 correctione
1255 2083 1370 2135 habeant

263 2161 351 2213 Quare
369 2162 456 2210 mirari
474 2162 555 2223 soleo,
566 2162 679 2210 Plinium
700 2162 727 2210 in
744 2163 795 2212 bis·
835 2160 961 2224 homines,
983 2159 1051 2209 unde
1067 2160 1248 2223 prudentiores
1266 2174 1297 2209 ac
1314 2174 1367 2210 me·

261 2237 336 2287 toriae
364 2240 489 2288 naturalis
509 2253 588 2301 opere
614 2239 725 2288 mirabili
752 2256 784 2290 ac
834 2237 1000 2298 lioresfiant;
1017 2243 1155 2302 utrumque
1172 2242 1258 2286 autem
1270 2236 1304 2287 ab
1314 2235 1366 2287 bis·

261 2316 339 2381 plane
356 2315 443 2364 diuino
464 2316 501 2366 sic
523 2332 578 2366 esse
595 2318 735 2383 opinatum,
755 2325 786 2369 ut
836 2315 905 2363 toria
919 2319 946 2363 et
956 2315 1038 2363 satira
1043 2312 1231 2376 jucundissime
1247 2312 1367 2363 conficis·

265 2390 375 2453 diceret,
395 2392 460 2439 mira
481 2389 584 2441 humani
605 2394 704 2456 ingenti
721 2401 796 2457 peste
837 2395 895 2439 mr:
913 2405 964 2439 non
984 2383 1167 2455 usquequaque
1181 2383 1318 2454 perperam
1328 2390 1367 2440 se·

264 2464 411 2531 sanguinem
433 2475 460 2518 et
490 2470 573 2519 caedes
604 2471 680 2520 condi
697 2473 795 2522 annali·
835 2469 902 2519 cisse
914 2468 1045 2531 ridentur,
1057 2469 1102 2533 qui
1122 2468 1232 2531 ingeniis
1242 2483 1294 2518 una
1308 2478 1368 2517 cnm

259 2544 321 2608 bns,
358 2545 425 2593 unde
451 2546 579 2594 hominurn
605 2542 706 2596 scelera
737 2562 795 2597 nos·
835 2544 947 2608 imperio
958 2547 1074 2594 Romano
1085 2544 1291 2608 senescentibus,
1306 2560 1367 2595 cum

264 2626 366 2670 cantur.
405 2623 486 2673 Quasi
507 2629 613 2672 cunctos
634 2622 666 2671 ab
687 2623 795 2672 historia
829 2621 884 2684 jam
907 2621 987 2671 libros
1009 2622 1094 2671 animo
1117 2619 1269 2671 fastidiente
1297 2621 1366 2670 male

258 2695 398 2745 'dehortari
409 2694 530 2760 voluerit,
550 2697 594 2762 qui
609 2704 694 2747 tamen
715 2700 795 2763 pessi·
835 2698 1100 2763 singulostangerent,
1112 2699 1228 2764 adeoque
1236 2699 1368 2749 doctrinas

259 2766 363 2820 ‘morum
384 2771 547 2837 Principum,
565 2780 624 2822 nec'
635 2774 718 2823 minus
742 2776 796 2839 qni·
833 2781 864 2824 ut
875 2789 974 2824 venena
994 2775 1197 2838 detestarentur,
1213 2775 1368 2826 Juvenalem

265 2847 323 2895 dem
345 2848 426 2912 ipsius
437 2848 549 2898 Neronis
571 2864 613 2898 res
626 2852 711 2912 gestas
721 2850 795 2900 libris
831 2858 864 2900 et
883 2852 995 2901 Marium
1008 2853 1151 2901 Maximum
1169 2850 1300 2900 curatiore
1311 2856 1366 2900 stu·

264 2936 344 2972 mr.
365 2923 444 2973 atine
465 2923 559 2973 Aufidii
570 2925 644 2974 Bassi
665 2926 796 2991 conscrip·
836 2926 888 2988 dio,
911 2934 942 2976 ut
958 2927 1045 2991 inquit
1065 2926 1215 2976 Ammianus
1237 2926 1369 2976 Marcelli-

265 3010 345 3063 serat,
356 3017 420 3067 quos
431 3002 511 3051 libros
520 3003 618 3051 utinam
635 3003 710 3052 nobis
721 3018 796 3066 supe·
835 3017 892 3065 nus,
903 3003 1068 3065 lectitabant,
1078 3004 1149 3052 nulia
1163 3001 1292 3051 volumina
1300 3017 1367 3066 prae-

264 3076 332 3126 riora
344 3080 439 3127 saecnla
461 3094 511 3127 non
527 3079 686 3142 invidissent,
703 3085 795 3128 etmo·
835 3084 877 3126 ter
898 3079 956 3128 haec
978 3080 1004 3127 in
1025 3077 1154 3143 profundo
1175 3078 1229 3127 otio
1248 3084 1367 3128 contrec-

263 3154 320 3203 'rem
339 3155 409 3204 illurn
430 3162 556 3217 veterem,
567 3168 644 3218 quern
663 3156 697 3205 ud
717 3155 794 3205 Pom·
835 3159 933 3205 tautes:
950 3169 1044 3219 nempe
1057 3155 1176 3220 segnitiae
1186 3169 1239 3203 sure
1259 3153 1368 3203 delicias

262 3226 318 3291 'peii
330 3230 368 3277 M.
386 3236 505 3292 tempora
522 3229 647 3278 mansisse
659 3230 795 3279 Cornelius
835 3228 977 3292 faciebant,
989 3232 1223 3297 existimabantque
1234 3231 1367 3294 ingentem

263 3304 356 3369 Nepos
381 3305 500 3367 tradidit,
529 3306 647 3354 revocari
670 3308 797 3372 placeret,
835 3307 990 3372 scriptorum
1016 3308 1119 3358 turbam
1144 3307 1241 3371 negligi
1261 3308 1368 3370 impune

179 3406 184 3427 t
265 3380 373 3429 historia
400 3396 452 3430 non
475 3381 524 3429 nisi
554 3382 586 3430 ab
614 3383 795 3435 honestissimo
836 3382 1367 3448 atqueinsuperbaberi,dumessetnode

265 3454 370 3522 ‘quoque
397 3455 571 3507 scriberetur:
600 3459 638 3508 sic
664 3460 733 3509 enim
761 3462 796 3510 ad
835 3465 864 3509 et
878 3460 1233 3524 moribus'depraratissimis
1250 3462 1367 3509 extremo

267 3534 442 3595 exemplorum
461 3532 539 3582 tidem
548 3536 688 3585 accederet
701 3536 797 3585 eximia
836 3537 958 3600 remedia,
977 3542 1005 3586 et
1025 3537 1186 3600 temporibus
1208 3534 1366 3585 difficillimis

265 3610 402 3658 scribentis
413 3609 565 3674 auctoritas,
575 3624 695 3675 magnum
705 3613 795 3677 utique
835 3616 956 3678 exempla
979 3613 1218 3664 convenientissima
1245 3620 1368 3677 suppete-

267 3698 353 3734 rerum
375 3691 505 3747 gestarum
526 3687 668 3737 narrationi
694 3689 796 3751 pondus
835 3690 903 3740 rent.
937 3691 1076 3756 Nunquam
1093 3690 1160 3739 enim
1175 3689 1239 3739 mihi
1263 3688 1366 3753 persua·

266 3761 397 3812 additura.
430 3761 464 3811 Id
474 3769 560 3812 autem
569 3778 600 3813 eo
619 3765 742 3814 libentius
753 3765 796 3816 bic
835 3764 892 3814 deri
904 3766 998 3829 patiar,
1009 3764 1171 3815 Ammianum
1184 3764 1239 3814 baec
1251 3765 1365 3815 ideonu-

266 3853 446 3902 commemoro,
466 3841 533 3905 qnod
557 3848 588 3891 ut
611 3842 743 3892 historiam
762 3844 795 3892 ab
835 3847 912 3904 tdsse,
922 3847 952 3891 ut
962 3842 1096 3893 Juvenslis
1106 3842 1152 3891 aut
1160 3840 1270 3891 Maximi
1278 3830 1366 3891 lectio

265 3916 444 3966 honestissimo
473 3917 560 3979 scribi,
576 3917 614 3966 sic
641 3924 669 3967 et
695 3933 795 3968 morunt
835 3918 1067 3968 neminterrermn
1087 3918 1248 3981 publicarum
1262 3931 1365 3980 corrup·

263 3992 371 4042 'satiram
388 3992 421 4041 ab
440 3992 538 4056 optimo
557 4008 661 4058 quoque
674 3998 794 4059 componi
834 3993 900 4043 telas
912 4000 1030 4058 poneret,
1041 4009 1100 4043 cnm
1116 3994 1182 4058 ipse,
1201 3994 1301 4059 quoties
1312 3992 1365 4056 pbi-

268 4068 377 4118 addecet
388 4085 395 4128 3
411 4082 446 4117 ne
457 4075 502 4117 aut
510 4068 616 4117 historia
626 4071 713 4119 servili
724 4086 795 4122 men·
834 4066 968 4133 losupbum
978 4069 1042 4134 agit,
1050 4084 1101 4119 non
1110 4085 1192 4134 panca
1203 4069 1365 4119 commutatis

265 4143 342 4192 docio
369 4143 504 4208 inquinata
518 4157 659 4193 vanescere
676 4145 795 4210 incipiat,
836 4151 935 4197 tanturn
959 4145 1065 4211 syllabis
1093 4161 1127 4196 ex
1148 4147 1278 4198 iuvenale
1298 4153 1366 4195 trans

265 4224 314 4268 aut
325 4219 404 4269 satira
414 4219 441 4269 in
449 4220 600 4271 sceleratam
612 4222 724 4272 auctoris
735 4237 784 4272 con
835 4224 949 4278 scribat:
966 4224 999 4275 de
1017 4240 1067 4290 qno
1084 4222 1165 4274 etiam
1176 4224 1225 4275 boc
1235 4222 1306 4274 omni
1327 4234 1366 4271 as-
