3059 4925
244 325 312 391 aba
593 342 627 390 n.
649 341 754 389 suun
778 340 992 391 suvuuaurs

286 484 383 550 Vicit
396 489 430 549 et
440 483 506 548 boc
519 489 702 548 monstrum
717 484 856 549 tunicati
871 484 1001 550 luscino
1012 485 1170 564 Gracchi,

167 664 172 669 ¹
244 586 481 669 Lunavitque
493 584 573 666 fuga
584 584 729 649 mediam
742 586 907 668 gladiator
921 606 1065 666 arenam
1291 626 1294 631 <

245 687 290 754 Et
300 688 495 773 Capitolinis
510 689 710 769 generosior,
723 696 756 753 et
772 689 953 769 Marcellis,
1262 740 1267 744 ·
1282 690 1354 756 llo

237 871 336 932 swina
348 871 452 920 Gracchi
462 874 543 921 ίκιιίω
552 873 648 930 indum
669 880 739 937 utque
754 876 942 941 Murmur
934 875 1062 926 medion
1072 890 1167 925 mre
1175 872 1324 937 fugiendo
1301 888 1352 922 cur·

243 937 328 999 catull,
340 935 433 996 sortior
442 943 466 985 et
477 937 628 1061 Capitolinis,
638 943 663 987 ct
673 939 805 1005 Marcellis,
814 946 838 990 et
847 942 947 1006 portata
963 943 1044 990 Catuli
1054 957 1083 990 ae
1096 942 1175 1005 Pauli,
1186 946 1211 990 et
1221 940 1317 1002 Fullo,
1323 942 1353 987 ct

743 1100 851 1152 ΝΟΜ.

242 1227 360 1277 rentibus
372 1228 450 1290 igitur
467 1229 588 1279 mulieres
604 1228 778 1278 occurrebant
816 1230 918 1283 intimis.
966 1232 1000 1281 ln
1029 1230 1228 1295 Amphitheatro
1253 1241 1349 1292 nempe

244 1317 275 1353 ac
286 1304 438 1354 verberibus
451 1319 497 1354 seu
515 1306 612 1370 palmas
631 1321 675 1354 seu
689 1313 777 1373 uteros
815 1308 1038 1373 componebantur
1057 1306 1238 1357 Gladiatorurn
1255 1304 1349 1373 parias

243 1377 395 1430 offerebant.
403 1383 473 1431 Hinc
485 1382 563 1433 ovid.
572 1384 674 1433 Fasti.
685 1384 693 1410 ⁴
704 1385 778 1448 Nup·
815 1387 881 1436 alter
898 1385 1023 1434 Mirmillo
1034 1383 1174 1434 dicebatur
1187 1388 1215 1431 et
1226 1387 1348 1439 secutum

245 1465 273 1507 la
291 1458 351 1523 quid
363 1462 506 1523 expectas?
531 1461 591 1510 Non
610 1468 639 1509 tu
658 1461 779 1524 pollenti-
814 1463 978 1528 habebatque
989 1478 1037 1527 pro
1051 1462 1139 1522 anuis,
1155 1460 1276 1523 gladium,
1293 1459 1349 1522 ely,

245 1534 293 1585 bus
314 1536 413 1599 herbis,
429 1539 487 1587 Nec
507 1553 596 1604 prere,
611 1554 661 1589 uec
677 1541 778 1603 magico
816 1555 903 1605 peum‚
915 1543 1032 1604 galeam:
1057 1542 1125 1589 alter
1144 1538 1276 1588 Ratiarius
1297 1535 1349 1586 retl

244 1612 448 1663 carmiuemater
459 1616 519 1665 eris.
538 1617 640 1680 Excipe
648 1616 778 1666 foecuudae
816 1634 847 1669 ac
865 1619 969 1669 fuscina
979 1624 1104 1678 armatos,
1122 1616 1173 1666 reti
1192 1614 1297 1679 quidem
1309 1613 1350 1661 iu·

244 1689 377 1751 patienter
388 1691 497 1741 verbera
515 1692 635 1753 dextrae;
665 1693 725 1744 lam
737 1708 778 1742 so·
815 1697 921 1745 rolrcre
932 1701 1012 1758 caput
1021 1691 1349 1752 Mirmilloniscouabutur,

239 1781 288 1814 -cer
299 1773 417 1830 optatum
429 1784 522 1819 nomeu
533 1770 637 1821 babebit
649 1772 710 1820 avi?
815 1788 846 1823 uc
857 1770 1082 1836 lirscinacuptarc,
1089 1770 1210 1835 humique
1219 1766 1349 1830 affligere:

276 1846 323 1893 lla
338 1844 689 1911 Vicitetlrocmoustrune,lrc.]
701 1849 777 1897 Mon·
815 1849 884 1915 quod
902 1863 997 1914 pugne
1012 1862 1093 1911 genus
1112 1844 1195 1895 femur
1213 1845 1350 1894 inventum

243 1921 334 1970 strosia
352 1921 402 1969 illis
413 1922 523 1973 marium
537 1925 634 1989 nuptiis
647 1925 722 1989 pejus
733 1925 778 1973 uli-
815 1942 831 1975 a
841 1927 949 1975 Pittaco
968 1940 1019 1974 uno
1039 1938 1054 1973 e
1073 1930 1173 1986 septem
1184 1920 1295 1973 draca
1306 1921 1351 1970 Sa·

243 1998 305 2062 quid
326 1998 417 2049 videre
437 2007 479 2050 est
495 2001 596 2064 Romae,
608 2002 708 2051 scilicet
723 2002 778 2052 No·
815 2003 957 2066 pientibuo.

241 2073 307 2123 biles
317 2074 483 2139 quiareuase
492 2079 657 2141 polluuntet
667 2078 776 2142 plebeiis
848 2083 895 2129 lll
912 2078 1083 2140 Larlreuitqas
1095 2075 1231 2139 sugo,tfe.]
1258 2074 1350 2124 Decli-

241 2151 418 2217 irnoiudignis
433 2155 673 2221 exercitationibus.
707 2155 776 2206 Nam
814 2171 879 2206 naus
906 2155 1091 2206 Mirmillouem
1117 2151 1211 2205 infesta
1240 2153 1350 2216 cuspide

240 2229 341 2279 scelera
351 2231 403 2280 ista
421 2239 573 2297 portentosa
592 2232 695 2298 quidem
706 2240 776 2296 sunt,
814 2238 992 2298 appetentem.
1009 2233 1058 2281 Vel
1067 2230 1190 2293 iutelligit
1198 2229 1349 2280 Gracchum

240 2306 288 2354 'sed
305 2309 425 2369 oeculta;
451 2314 479 2358 at
498 2309 604 2372 publice
621 2316 777 2360 exercentur
814 2325 867 2360 non
879 2310 1022 2362 Retiariuur
1033 2315 1136 2359 tautum
1156 2306 1250 2370 egisse,
1262 2304 1309 2355 sed
1321 2310 1350 2354 et

241 2382 351 2435 infames
372 2386 417 2436 isti
442 2386 507 2449 ludi,
532 2396 560 2438 et
592 2390 641 2438 boc
663 2388 776 2452 exempli
803 2388 1008 2448 Mirmillonem,
1029 2387 1073 2451 qui
1094 2384 1183 2449 frigam
1211 2383 1350 2432 simulabat

243 2460 339 2524 pejoris
359 2469 387 2512 ct
404 2464 530 2526 morioris
550 2464 678 2527 periculi:
706 2465 776 2529 quod
814 2471 876 2514 unte
895 2464 1057 2514 Retiariurn:
1083 2461 1152 2510 undo
1177 2466 1350 2511 consueverat

242 2553 258 2586 a
279 2537 385 2589 Nerone
412 2539 516 2604 quidem
537 2541 646 2590 Romani
667 2540 777 2604 imperii
814 2541 945 2591 Ratiarius
956 2539 1098 2589 identidem
1117 2538 1270 2599 increpare:
1296 2548 1349 2583 ιιοιι

244 2620 361 2663 monstro
384 2629 415 2664 ac
437 2622 560 2677 portento
582 2614 714 2679 profluxit.
747 2616 776 2665 ls
815 2626 842 2670 te
854 2623 928 2682 peto,
939 2618 1037 2681 piscem
1049 2621 1121 2679 pcto,
1133 2613 1196 2677 quid
1207 2626 1249 2660 mc
1267 2610 1348 2675 fugis,

239 2689 313 2739 euim
321 2692 417 2740 amarit
426 2690 505 2741 edere
515 2691 590 2741 ludos
602 2693 684 2741 omnis
697 2707 776 2757 geue·
814 2694 909 2744 Galle?
936 2692 1076 2743 Nimirum.
1086 2689 1176 2740 vertici
1188 2688 1257 2738 illius
1266 2687 1348 2751 galea

242 2766 288 2829 ris,
297 2780 329 2817 ae
336 2767 478 2818 interulios
485 2769 666 2832 gladiatorium
675 2784 776 2821 munus.
814 2770 898 2819 inerat
909 2769 988 2834 piscis
999 2765 1108 2833 effigies.

241 2845 412 2896 Suetoniurc
425 2849 464 2895 12.
476 2852 505 2895 et
513 2846 584 2895 ulrbr
602 2846 656 2896 Sub
668 2848 775 2897 Vitellio
848 2845 989 2909 Gladiolo]
1014 2844 1127 2896 Gracchi
1135 2842 1204 2892 lilius
1216 2841 1348 2891 Retrarrus

242 2921 400 2985 prohibitum
416 2920 476 2987 fuit,
486 2936 520 2971 ue
538 2923 646 2972 Βοιιιιιιί
665 2925 775 2988 Equites
813 2922 875 2986 loll,
884 2923 955 2973 etad
966 2917 1348 3014 insaniemusqueGludiator.

240 2997 315 3047 Ludo
332 3004 361 3048 et
380 3011 459 3047 arena
469 2998 657 3061 polluerentur.
669 3000 774 3051 Coruel.
812 3000 896 3049 Vetus
906 2999 991 3048 Sobel.

240 3074 322 3123 Tacit
340 3075 505 3124 Domitianus
537 3077 642 3140 quidem
674 3078 774 3127 nubum
844 3070 1266 3138 Amum1AreamAmphitbeatri
1274 3069 1349 3121 Rom.

240 3150 329 3214 coegit
338 3151 371 3200 ad
382 3152 574 3214 pugnandum
566 3167 593 3201 ιιι
612 3168 707 3215 areua;
726 3155 774 3205 sed
811 3164 890 3202 arena
901 3158 1017 3214 stratum,
1027 3163 1061 3199 ue
1072 3147 1177 3212 sanguis
1187 3145 1224 3196 ibi
1238 3144 1312 3196 lusos
1321 3146 1348 3196 iu

238 3228 316 3280 multi
327 3228 376 3277 sub
394 3229 499 3278 Nerone
516 3228 618 3292 pridem
633 3229 774 3306 hispupnis
812 3228 976 3279 Gladiatorio
994 3225 1140 3291 praesertim
1157 3237 1265 3273 munere
1275 3237 1350 3288 spec·

240 3304 337 3354 musti
351 3310 446 3367 sponte
465 3303 493 3352 iu
513 3318 617 3354 menam
633 3301 775 3356 descende·
810 3306 927 3355 tentibus
936 3305 1039 3354 horrori
1051 3303 1162 3366 estetsi
1179 3301 1249 3351 borni
1265 3299 1348 3351 dedu·

240 3380 312 3432 baut.
345 3380 423 3433 Quod
442 3382 484 3431 bic
503 3381 610 3431 damnat
629 3382 775 3446 luvenalis,
813 3397 858 3433 ere
869 3398 899 3432 ac
910 3383 1051 3432 decurrere
1063 3387 1236 3429 cerneretur.

239 3461 269 3507 et
277 3457 334 3509 snt.
343 3470 406 3507 vm.
416 3472 456 3506 vs.
466 3462 525 3507 allo.
845 3464 892 3508 llo
902 3459 937 3507 Et
950 3457 1093 3521 Capitolinis
1100 3454 1250 3519 camum]
1264 3453 1349 3504 Grac·

274 3533 771 3599 maolclmiatoresiudutisimpli·
812 3535 884 3597 chus,
906 3535 1021 3598 iuquam,
1040 3533 1143 3581 nemine
1171 3532 1346 3580 Romanorum

238 3613 265 3662 ei
277 3612 366 3664 tuales
375 3610 558 3674 decertabant,
568 3618 716 3677 quoeasent
726 3627 771 3662 ex·
811 3610 918 3662 interior
935 3625 1039 3673 gerere,
1058 3610 1167 3672 virtme,
1183 3607 1348 3671 prestantia,

240 3687 391 3752 peditiores.
407 3688 539 3737 VideSat.
550 3701 612 3737 vlu.
624 3703 661 3739 rs.
672 3692 729 3739 207.
811 3689 975 3752 componitur
994 3701 1054 3736 cum
1082 3685 1243 3744 Gladiatore,
1265 3699 1297 3733 ac
1318 3683 1347 3733 in

221 3801 244 3833 .·
272 3764 387 3829 Fucino]
407 3763 518 3814 Trideus
529 3764 771 3829 telumquouteba·
812 3778 891 3816 uena
908 3764 1037 3814 decertat.
1068 3762 1124 3812 Per
1142 3762 1347 3825 indignationem

238 3847 284 3892 tur
294 3840 435 3891 Redarius.
812 3841 927 3892 hacuit.

236 3953 241 3958 ·
271 3909 375 3967 Fucino
407 3915 523 3978 Gracchi]
560 3915 704 3980 Gracchus,
730 3918 772 3967 vel
847 3918 998 3983 Οιρίίοίίιιίκ]
1021 3917 1136 3979 Manilia,
1153 3929 1263 3981 quorum
1279 3927 1346 3978 unus

237 3993 349 4059 quilibet
361 3992 773 4055 aliusePalriciisacNobilihus,
813 3994 921 4045 defenso
939 3994 1069 4057 Capitolio
1086 3992 1230 4057 Capitolini
1250 4003 1346 4056 cogno*

237 4075 353 4118 armatus
362 4069 455 4124 retiac
466 4066 568 4116 fusum
581 4082 654 4117 more
666 4068 772 4119 Gladia·
812 4068 1250 4120 monaedecusiurenit.'l¹it.1ir.
1263 4069 1281 4116 l.
1293 4079 1321 4117 r.

239 4153 334 4205 torum,
344 4159 375 4193 ac
386 4144 476 4193 tunica
490 4142 585 4193 leviter
602 4139 734 4208 obtectus.
743 4153 773 4196 et
797 4177 799 4180 -
813 4170 816 4176 ·
845 4144 979 4208 Moretlis]
995 4146 1079 4198 Quum
1089 4144 1198 4195 illustris
1208 4143 1346 4194 Marcello·

176 4269 179 4274 ⁴
238 4219 357 4274 numa
373 4221 526 4284 depugnans
544 4235 603 4271 cu
622 4222 772 4279 sordidisac
811 4238 868 4275 rum
887 4222 984 4274 famiba
1007 4224 1106 4273 Romae·
1125 4221 1344 4287 fuerit‚''quoruul
