3059 4925
486 326 625 395 tuasrr,
648 331 695 383 ar
716 331 942 386 ruvannnrs.
1213 317 1278 388 1oe

34 435 36 526 ὲ
173 481 559 569 negngnnqmns
572 505 648 551 esse
657 486 821 554 viderur.
851 457 1276 574 plerunqueenimidenea

34 661 35 664 ,
172 588 363 665 ooomione,
374 606 396 651 a
408 592 554 671 tempore
567 588 692 673 aliquo,
706 589 761 656 vel
773 590 862 669 loco,
875 590 931 655 vel
949 592 1111 674 personis,
1127 595 1180 660 vel
1195 615 1276 664 curu

170 693 204 753 et
224 688 434 772 cogitatione,
451 689 487 753 ln
513 696 755 774 quererentur,
773 689 999 776 suppeditata,
1021 697 1054 757 et
1075 693 1275 765 dissimilata

170 789 299 856 ridendi
327 791 578 876 castigandique
605 793 786 872 voluntate,
823 794 970 878 obliquis
1001 795 1207 864 orationibus
1240 806 1275 868 ot

169 892 261 958 velut
273 894 372 977 longe
383 893 473 959 alind
487 911 600 976 egens,
614 914 738 960 errores
751 916 793 961 ac
803 898 886 962 vitia
907 898 1027 982 carpit,
1040 917 1094 963 res
1115 900 1226 966 varias
1240 906 1276 970 et

170 1000 289 1079 sponte
302 996 571 1062 subministratos
592 998 812 1082 persequitur,
824 998 966 1063 missilia
985 999 1156 1083 inopinato
1178 1020 1275 1086 spar-

169 1097 229 1180 git,
257 1097 481 1181 imprudentes
503 1097 649 1163 adoritur
670 1117 716 1163 ex
736 1098 882 1177 insidiis,
903 1099 1033 1165 subitos
1053 1100 1275 1189 obliquosque

169 1199 228 1265 dat
250 1200 351 1279 ictus,
367 1218 501 1266 amoena
520 1200 598 1265 loca
620 1200 822 1284 negligenter
843 1219 884 1266 ac
908 1201 1012 1266 libero
1035 1220 1133 1267 curm
1154 1224 1275 1288 perva-

41 1329 48 1338 ·
170 1308 280 1385 gatnr,
295 1321 388 1388 saepe
402 1302 444 1367 de
456 1303 514 1369 ria
528 1302 685 1382 declinat,
697 1319 801 1388 quam
822 1303 924 1370 modo
936 1303 1065 1381 inierat,
1084 1310 1120 1370 et
1138 1306 1193 1371 vel
1206 1325 1276 1373 cer-

169 1404 242 1470 tem
264 1403 364 1470 tinem
378 1405 622 1489 consiliumque
632 1404 724 1471 baud
737 1406 833 1491 sequi
845 1404 984 1485 ridetur,
999 1405 1053 1470 vel
1074 1405 1118 1470 ad
1141 1413 1274 1489 motem,

170 1509 284 1592 eiqna
303 1510 334 1574 ei
354 1513 419 1589 est,
441 1509 550 1592 longis
575 1509 773 1593 ambagibus
791 1507 1002 1592 flexibusque
1025 1507 1167 1576 diversis
1187 1510 1276 1578 lento

170 1611 412 1691 contenditur
435 1616 473 1677 ut
491 1610 646 1696 plurimae
668 1610 744 1697 ejus
767 1612 879 1677 satirae
897 1611 1073 1696 imaginem
1096 1612 1276 1681 exhibeant

170 1714 417 1792 ambulationis,
431 1715 467 1779 in
481 1732 548 1797 qna
562 1713 723 1798 quaelibet
743 1714 819 1778 loca
832 1712 932 1778 devia
952 1719 991 1789 als
1005 1708 1157 1803 irreptio
1168 1715 1275 1782 oculis

34 1849 35 1854 κ
168 1815 414 1903 perlustrantur,
429 1815 582 1881 etomnie
596 1816 652 1881 via
665 1822 719 1883 est
737 1821 840 1882 mota
884 1815 1020 1882 Persius
1043 1821 1076 1881 et
1099 1815 1275 1884 luvenalis

169 1929 404 2001 nonnunquam
414 1916 549 2001 quidem
564 1914 745 1983 Horatium
758 1918 859 1982 etlam
870 1917 936 1983 bac
948 1919 985 1983 in
1002 1937 1038 1983 re
1051 1918 1171 1983 imitati
1185 1925 1273 2000 sunt,

170 2018 230 2085 sed
240 2019 435 2105 plerumque
448 2037 540 2085 more
553 2018 824 2104 pbilosophorum
839 2020 1068 2105 rhetornmque
1081 2040 1181 2087 unam
1201 2026 1274 2087 tan·

34 2111 36 2182 l
169 2126 240 2187 tum
253 2122 363 2187 tbesin
375 2122 558 2205 explicant,
578 2127 614 2188 et
632 2127 724 2187 recto
738 2123 853 2190 itinere
876 2122 1019 2206 dirigunt
1040 2142 1186 2202 cursum,
1205 2142 1274 2208 quo

169 2225 380 2305 contendunt,
394 2243 471 2291 raro
491 2242 513 2288 a
533 2224 591 2291 via
610 2224 813 2291 aberrantes:
834 2226 1032 2309 negligentia
1051 2225 1140 2290 enim
1161 2224 1274 2292 Hora·

169 2328 273 2408 dana,
283 2347 362 2414 qnae
384 2330 418 2393 in
434 2327 556 2415 iocoso
570 2327 703 2393 dicendi
717 2346 833 2412 genere
847 2327 986 2394 mirifice
999 2346 1063 2393 nos
1083 2327 1237 2407 delectat,
1252 2346 1275 2393 a

170 2432 324 2516 graviore
343 2450 385 2498 ec
399 2431 534 2500 sublimi
547 2430 698 2497 emtione
711 2429 824 2496 aliena
837 2433 898 2497 est.
943 2428 1039 2496 Illius
1061 2427 1174 2497 setirre
1196 2435 1274 2499 eunt

169 2530 313 2620 politicae
336 2535 613 2621 pernoctationes
634 2532 874 2619 propositionis
896 2531 1151 2618 philosophicae,
1172 2531 1274 2620 bnjns

34 2644 35 2667 ³
170 2654 250 2703 vero
273 2637 429 2702 domans
454 2637 628 2721 rhetorici3
649 2638 760 2704 doctae
783 2636 918 2722 quidem
939 2641 974 2701 et
994 2633 1156 2700 interdum
1183 2635 1274 2719 inge·

34 2812 36 2837 Ι
168 2739 288 2818 uioeoe,
301 2756 378 2823 quae
393 2743 504 2804 tamen
517 2739 624 2822 magis
645 2757 682 2804 ee
704 2737 936 2804 commendant
957 2741 1038 2816 arte,
1053 2755 1121 2821 qua
1144 2736 1275 2820 singula

34 2846 35 2893 l
168 2845 421 2927 pertractantur,
437 2859 539 2926 quam
548 2841 685 2927 poetica
701 2841 980 2925 inventioneque
999 2856 1137 2924 pmrsus
1158 2841 1275 2904 carent

34 3010 35 3013 ,
169 2940 251 3022 illae,
272 2941 309 3007 in
327 2942 449 3025 quibus
467 2941 562 3007 varia
585 2947 711 3009 tantum
734 2943 834 3008 unius
851 2941 1021 3006 hominnm
1042 2939 1169 3023 generis
1191 2940 1275 3005 vitia

170 3048 388 3123 recensemur,
402 3062 436 3109 v.
447 3063 479 3109 c.
493 3043 664 3110 mulierum
678 3043 714 3108 in
727 3049 826 3109 sexta
838 3043 942 3110 satira
953 3041 1142 3110 iuvenalis.
1217 3108 1219 3115 ,

211 3145 254 3211 In
278 3146 512 3212 sententiamm
538 3165 631 3212 nexu
658 3165 832 3230 rerumque
856 3145 971 3211 ordine
997 3149 1031 3211 et
1054 3144 1275 3214 collocatione

170 3247 335 3314 Horatius
361 3267 429 3314 non
461 3247 564 3314 medo
591 3248 835 3333 negligentiam,
870 3267 1011 3332 eamque
1037 3247 1273 3331 grabssimam,
1366 3328 1370 3337 ,

34 3414 44 3428 ,,
170 3348 325 3428 ostendit,
346 3350 406 3415 sed
429 3368 592 3414 summam
612 3369 747 3435 qnoque
774 3354 889 3428 artem,
904 3369 1006 3434 quam
1021 3354 1132 3415 tamen
1155 3349 1273 3417 sedulo

169 3450 358 3518 dissimilet.
415 3452 502 3518 Tam
524 3451 666 3516 naturali
690 3451 778 3515 enim
812 3455 971 3535 arctoque
997 3450 1133 3515 vinculo
1162 3452 1275 3519 omnia

34 3546 35 3553 ’
168 3553 359 3632 constricta,
370 3558 440 3619 tam
453 3553 589 3618 mirifice
600 3553 668 3618 alia
681 3572 725 3616 ex
738 3553 814 3617 aliis
828 3556 910 3635 apta
922 3556 956 3616 et
976 3571 1066 3616 nexa
1078 3556 1164 3630 sunt,
1179 3555 1274 3617 tanta

39 3685 41 3688 ⁴
89 3696 91 3699 -
167 3655 330 3721 facilitate
339 3656 445 3721 oratio
458 3655 558 3720 currit
572 3675 612 3720 ac
626 3654 710 3734 fluit,
724 3655 888 3720 tamseite
900 3657 1049 3718 exbema
1060 3672 1137 3718 cum
1155 3653 1273 3737 primis

168 3761 201 3822 et
224 3761 429 3841 partescum
449 3761 518 3823 toto
537 3756 713 3834 cobmrent,
726 3761 763 3822 nt
785 3755 855 3821 sine
875 3755 997 3838 insigni
1020 3755 1123 3820 totius
1147 3754 1273 3820 ordinis

168 3857 411 3943 perturbatione
425 3860 486 3925 vix
499 3860 679 3944 quicquam
693 3858 748 3924 vel
761 3858 931 3941 ramponi
949 3856 1059 3940 possit
1080 3855 1134 3921 rel
1153 3855 1273 3933 omitti,

169 3946 403 4044 utqnednbins
424 3961 744 4045 sis‚ntrnmsingula
757 3979 840 4026 casn
862 3979 904 4025 ac
925 3964 1045 4044 sponte
1066 3957 1272 4035 sintoblata,

172 4062 225 4129 vel
244 4067 324 4129 nata
343 4069 488 4147 repente,
503 4069 536 4129 et
549 4064 620 4129 sine
634 4062 746 4129 studio
761 4081 804 4128 ac
824 4081 905 4129 cura
926 4062 1012 4126 ceris
1035 4059 1206 4139 mandata,
1227 4076 1273 4123 an

173 4161 344 4251 diligenter
352 4170 429 4234 ante
441 4185 588 4233 excrmsa
596 4170 631 4233 et
648 4167 801 4251 quaesita,
814 4165 869 4232 vel
882 4161 1123 4252 premeditato
1166 4159 1274 4228 Persii
