3059 4925
260 351 307 423 w
544 372 595 421 nn
616 370 700 422 ser.
722 369 881 433 nocrurv,
905 369 1079 434 nonnrrv,

261 516 575 603 gislabefactarrmt,
588 523 623 582 et
639 516 760 582 mirum
781 516 817 579 in
838 514 974 578 modum
997 533 1196 579 concussere
1217 514 1359 598 primum

261 619 485 699 Gracclmnae,
501 620 691 697 Drusianae,
706 616 918 702 Apuleianae,
934 616 1077 699 aliaque
1098 616 1277 681 seditiones
1300 618 1358 681 tri·

261 722 412 799 bunitiae,
426 741 508 787 mox
521 722 610 786 bella
623 721 748 799 civilia,
768 718 1039 803 proscriptiones,
1053 717 1228 783 dictaturae
1241 738 1360 802 perpe·

261 829 341 903 tnae,
354 828 389 888 ct
401 824 638 888 triumviratus.
682 822 798 887 Mores
817 822 917 898 enim,
933 829 1032 884 autea
1048 821 1171 883 sensim
1183 821 1360 904 paulatim·

262 944 327 1010 que
339 926 442 1010 lapsi,
458 930 629 1009 coeperunt
650 925 841 1008 praecipites
863 924 921 999 ire,
945 927 979 987 et
1003 921 1208 986 abundantes
1231 922 1359 988 divitiae

261 1032 361 1112 etque
386 1028 574 1111 voluptates
599 1032 798 1112 pepererunt
825 1025 1035 1102 desiderium,
1061 1044 1122 1107 per
1147 1024 1361 1090 ambitionem

262 1132 362 1213 utque
382 1129 566 1214 potentiam
577 1127 719 1193 audendi
733 1126 956 1211 perdendique
969 1126 1099 1205 omnia3
1125 1124 1231 1190 donec
1252 1124 1297 1190 ad
1318 1144 1361 1189 ea

261 1236 456 1313 perventum
469 1236 692 1314 esttempora,
707 1229 829 1313 quibus
853 1226 975 1310 perditi
998 1233 1098 1310 atque
1119 1226 1288 1310 profligati
1301 1226 1362 1292 ho·

260 1333 367 1397 mines
379 1351 447 1398 non
460 1333 604 1415 amplius
622 1332 682 1397 vel·
697 1331 781 1395 vitia
805 1350 878 1408 sua,
903 1318 969 1395 vel‘
978 1329 1137 1407 remedia,
1151 1347 1228 1411 quae
1243 1329 1360 1394 morbo

261 1432 396 1517 quidem
409 1433 658 1511 adhibebantur,
674 1433 734 1497 sed
747 1432 890 1497 salutem
902 1432 1101 1508 minuebant,
1112 1434 1183 1514 pati
1196 1436 1361 1515 poterant,

260 1539 319 1598 aut
331 1532 415 1598 ferre
427 1534 623 1614 libertatem,
637 1555 727 1620 quae,
753 1555 831 1600 cum
845 1555 867 1599 a
880 1533 1075 1599 Caesariano
1089 1533 1167 1597 iude
1181 1532 1362 1617 Pompeia·

261 1653 371 1719 noque
395 1636 482 1701 bello
505 1637 549 1700 ad
573 1657 719 1720 pugnam
732 1636 912 1703 Actiacam
937 1638 992 1702 vel
1014 1636 1192 1719 septimum
1215 1633 1362 1716 Augusti

262 1737 469 1803 consulatum
488 1740 582 1804 velut
590 1741 732 1805 moriens
745 1741 908 1806 reluctata
921 1743 1010 1818 esset
1024 1737 1218 1815 dominatui,
1227 1736 1363 1802 taudem

261 1838 294 1902 ei
315 1839 433 1905 redere
453 1848 571 1907 coacta
594 1847 655 1912 cst.
705 1840 852 1907 Romani
873 1841 977 1918 cives,
1001 1840 1060 1923 qui
1086 1839 1178 1916 olim,
1201 1837 1363 1924 quamdiu

260 1938 368 2006 adbuc
382 1944 595 2027 parsimobiae
609 1945 867 2029 paupertatique
880 1942 985 2007 bonos
993 1946 1138 2018 steterat,
1150 1941 1362 2025 disciplinam

261 2060 424 2123 severam,
437 2047 570 2131 inopem
594 2046 775 2131 dmamque
797 2048 913 2124 vitam,
934 2045 1100 2129 justitiam
1123 2045 1274 2127 aliasque
1295 2044 1363 2126 vir·

260 2147 347 2209 tutes
362 2148 542 2226 coluerant,
556 2149 634 2214 inde
648 2169 670 2213 a
688 2149 827 2214 Sullana
840 2154 940 2213 aetate
953 2167 1055 2231 opum
1069 2152 1104 2210 et
1116 2145 1361 2210 coaomvanda·

260 2265 333 2310 rum
346 2252 380 2310 ct
392 2249 694 2331 proiimdcndarum
712 2250 904 2334 inexplebili
926 2254 1025 2332 atque
1047 2251 1167 2313 insana
1180 2246 1361 2331 cupiditate

243 2339 440 2431 'ardebaut3
469 2351 685 2435 mulieresque
706 2373 774 2418 non
796 2353 904 2417 miuus
925 2353 1061 2436 turpiter
1082 2350 1240 2415 vivebant
1258 2368 1361 2434 Qum

260 2447 338 2514 viri.
382 2448 530 2516 Censura
542 2453 703 2521 nonsatis
721 2475 839 2520 severa
855 2460 928 2520 erat
938 2460 997 2520 aut
1007 2453 1140 2533 efficax,
1150 2458 1184 2518 et
1197 2451 1360 2517 institutio

260 2548 436 2616 liberorum
446 2574 613 2637 perversa,
626 2556 814 2623 hominibus
836 2577 928 2641 saepe
951 2557 1123 2622 vilissimis
1141 2554 1361 2638 turpissimis·

261 2670 328 2735 que
341 2652 465 2719 tradita
487 2660 521 2720 ct
544 2676 566 2720 a
587 2660 780 2740 parentibus
803 2661 858 2725 vel
878 2661 978 2744 plane
999 2659 1151 2741 neglecta
1169 2656 1223 2723 vel
1244 2655 1361 2740 pravis

259 2752 416 2820 vitiorum
428 2757 592 2842 exemplis
604 2764 770 2844 corrupta.
794 2794 800 2805 ·
823 2759 944 2825 Cicero
957 2779 1024 2824 non
1037 2777 1103 2823 uno
1116 2758 1193 2823 loco
1207 2757 1362 2842 deplorat

260 2873 435 2935 summam,
458 2858 496 2922 in
523 2879 623 2943 quam
653 2862 763 2946 prima
787 2868 872 2929 aetas
895 2882 959 2928 sua
981 2862 1165 2940 incidisset,
1187 2860 1361 2945 perturba·

260 2955 382 3023 tionem
394 2958 582 3045 discipline
596 2964 729 3042 veteris,
750 2969 819 3029 tam
840 2964 987 3049 publicae
1002 2983 1102 3048 quam
1114 2962 1267 3047 privatae,
1283 2981 1361 3025 cum

260 3076 330 3141 (1¹¹³
349 3079 419 3124 rem
433 3062 605 3144 publicam
618 3067 865 3150 potentiamque
879 3066 1104 3133 Romanorum
1128 3072 1161 3129 et
1182 3063 1313 3130 stetisse
1326 3068 1361 3127 ct

260 3159 422 3226 cecidisse
435 3164 672 3245 sapientissimi
686 3167 747 3232 viri
757 3166 960 3251 judicarunt,
971 3172 1005 3233 et
1017 3167 1052 3231 in
1066 3166 1161 3231 Orat.
1175 3185 1236 3249 pro
1247 3164 1359 3230 Coelio

261 3275 292 3325 c.
308 3260 361 3324 17.
376 3263 608 3332 continentiam
622 3265 706 3331 dicit
719 3267 869 3352 aliasque
880 3267 1105 3346 Camillorum,
1116 3267 1358 3343 Fabriciorum,

261 3356 502 3448 Guriorumquc
513 3367 651 3459 virtutes
662 3387 729 3433 non
743 3370 853 3434 solum
865 3389 931 3433 nou
943 3370 978 3433 iu
990 3370 1138 3434 moribus
1158 3368 1258 3453 hujus
1277 3368 1357 3445 aevi,

261 3460 322 3526 sed
335 3463 396 3528 vix
415 3465 487 3550 jam
506 3467 543 3535 iu
565 3468 661 3534 libris
675 3470 831 3552 reperiri3
863 3471 996 3537 chartas
1011 3490 1157 3554 quoque,
1173 3488 1251 3554 quae
1265 3469 1358 3534 illam

259 3561 434 3644 pristinam
459 3569 667 3635 severitatem
695 3570 922 3648 continuerint,
962 3571 1178 3647 obsolevisse.
1235 3570 1358 3641 Exem-

259 3665 353 3748 plum
366 3667 652 3763 demdeugrmti,
666 3672 829 3755 principis
839 3672 1005 3755 magnifici
1018 3678 1052 3737 et
1062 3673 1238 3751 luxuriosi,
1249 3672 1358 3739 maxi·

259 3785 313 3833 me
328 3787 406 3842 vero
422 3768 632 3850 Maecenatis,
655 3773 799 3841 bominis
821 3773 892 3839 otio
915 3794 956 3839 ac
977 3775 1126 3839 mollitiis
1148 3795 1246 3859 paene
1268 3776 1357 3843 ultra

259 3866 430 3934 foeminam
443 3872 585 3960 fluentis,
611 3873 746 3950 (Vellei.
762 3891 805 3939 11.
819 3873 874 3940 88.
917 3875 1072 3941 Juvenal.
1089 3892 1113 3940 ι.
1129 3878 1183 3941 66.
1200 3878 1357 3955 xr1.39,)

258 3989 340 4054 opes
354 3972 536 4051 immensae,
550 3994 596 4038 ex
609 3976 789 4058 provinciis
808 3976 954 4042 Romam
971 3977 1182 4056 confluentes,
1197 3981 1356 4047 securitas
1415 3970 1421 3981 ’

259 4090 302 4141 ac
315 4073 410 4155 quies
423 4074 565 4159 imperii,
579 4080 647 4140 tam
660 4077 794 4142 diutinis
818 4079 975 4161 procellis
998 4099 1038 4144 ao
1061 4081 1253 4149 tundentis
1274 4087 1356 4146 tem·

257 4175 441 4256 pestabbus
455 4178 579 4256 vexati,
591 4178 731 4261 exiguas
744 4179 978 4264 simplicitatis,
992 4180 1228 4262 magnitudinis
1243 4181 1355 4260 animi,

165 4312 171 4325 .
260 4272 463 4360 aliarumque
476 4277 631 4347 virtutum
643 4298 836 4364 morumque
849 4287 998 4344 veterum
1010 4281 1168 4364 reliquias
1184 4283 1355 4367 extingue-
1458 4278 1461 4283 ’
