3059 4925
230 318 298 394 me
524 336 574 385 nn
593 333 677 383 ssr.
701 330 858 393 aucun,
881 328 1054 394 nornen,

233 471 412 540 excellunt-
420 470 619 549 urbanitate,
635 467 819 553 argumenti
840 467 1036 552 praestantia
1050 470 1084 532 et
1107 463 1234 531 eximia
1251 468 1336 543 arta,

234 594 301 659 qua
314 574 448 644 easdem
462 592 554 657 saepe
574 592 627 658 res
645 572 740 637 varia
752 565 879 636 ratione
897 575 1028 649 tractm,
1041 570 1181 638 lectores
1195 568 1337 636 diversis

233 676 429 742 excursibus
451 668 804 757 observationibusque
825 673 881 738 vel
897 672 1038 738 delectat
1058 672 1113 736 vel
1133 670 1242 749 docet,
1256 669 1338 750 utile

233 777 322 843 dulci
343 776 499 855 miscens,
514 795 630 842 sensus
652 794 732 840 suos
756 774 830 839 sive
852 774 971 840 tectius
984 774 1150 858 expromit
1164 772 1237 837 sive
1251 771 1336 837 libe·

232 882 314 959 rius,
336 885 369 945 et
391 899 460 957 eos,
475 878 519 944 ad
537 897 623 962 quos
640 878 769 956 scribit,
784 876 899 942 laudat
921 879 977 943 vel
1001 878 1120 962 carpit,
1138 882 1172 942 et
1189 877 1337 942 hortator

233 984 288 1049 vel
302 983 504 1049 dehortatur.
548 982 642 1046 Idem
653 981 815 1046 Horatius
825 981 946 1047 satiras
960 981 1187 1065 epistolasque
1200 977 1337 1045 notissia

234 1086 298 1154 mis
314 1086 506 1169 plerumque
520 1088 555 1150 et
569 1084 762 1150 clarissimis
778 1083 949 1167 inscripsit
962 1083 1055 1161 viris,
1071 1081 1207 1147 Persius
1221 1086 1255 1147 et
1273 1078 1299 1144 J
1299 1101 1339 1145 u·

234 1188 361 1254 venaiis
375 1186 496 1271 ignotis
521 1188 589 1252 fere
612 1191 647 1253 et
676 1186 841 1251 obscuris.
885 1185 973 1251 iilud
993 1185 1168 1269 plurimum
1185 1182 1266 1251 iacit
1292 1181 1340 1248 ad

234 1288 333 1358 fidem
357 1294 391 1354 et
415 1292 646 1359 auctoritatem
669 1289 871 1374 aagendam
891 1290 957 1354 hoc
981 1307 1059 1353 vero
1081 1292 1265 1371 temporum
1287 1283 1340 1348 di·

234 1392 386 1458 versitati
399 1392 606 1458 tribuendum
620 1397 680 1471 est,
694 1411 802 1475 neque
810 1389 920 1475 pehtis
933 1389 1017 1456 vitio
1032 1387 1190 1454 dandum.
1234 1383 1338 1452 Multi

234 1498 397 1580 praeterea
418 1494 582 1573 homines,
596 1494 785 1559 nominibus
805 1498 930 1559 tantum
954 1493 1046 1571 noti,
1058 1508 1239 1574 eorumque
1257 1486 1340 1554 stul·

233 1596 310 1674 titia
332 1601 392 1662 aut
418 1598 600 1681 turpitudo,
627 1618 649 1663 a
671 1597 854 1662 triumviris
879 1596 947 1662 illis
974 1616 1040 1661 nno
1068 1594 1137 1658 fere
1168 1586 1339 1674 alteroque

234 1699 348 1779 verbo,
374 1719 396 1765 a
419 1699 583 1768 Juvenale
602 1720 682 1766 vero
705 1699 832 1784 passim
857 1698 1027 1783 copiosius
1050 1699 1214 1761 notantur.
1257 1691 1341 1757 Hac

234 1798 361 1866 ratione
388 1821 623 1887 nonnunquam
654 1802 708 1867 vis
743 1802 878 1866 satirica
898 1799 1072 1880 minuitur3
1107 1797 1168 1861 illa
1192 1794 1339 1862 tenebras

235 1903 349 1984 multis
360 1904 566 1970 obducuntur
578 1906 676 1984 locis,
690 1904 734 1968 ad
749 1923 890 1988 quorum
904 1902 1099 1968 sententiam
1112 1900 1243 1985 penitus
1262 1913 1341 1981 per·

236 2006 444 2091 spiciendam
457 2008 635 2092 plurimum
649 2008 760 2088 refert,
775 2008 859 2072 bene
877 2024 978 2071 nosse
991 2005 1141 2071 homines
1163 2020 1204 2067 ac
1217 2017 1282 2076 res,
1298 1995 1342 2064 de

236 2107 357 2193 quibus
372 2111 490 2191 agitur.
535 2109 733 2176 Obscuritas
754 2116 865 2176 tamen
885 2107 974 2186 haec,
988 2126 1033 2171 ex
1056 2103 1240 2188 ignorantia
1258 2099 1344 2165 mul·

239 2217 347 2276 tarum
368 2232 489 2290 rerum,
505 2212 549 2278 ad
569 2231 654 2296 quas
674 2210 998 2287 latenter-alluditur,
1013 2208 1172 2293 profecta,
1187 2203 1343 2270 omnibus

237 2310 350 2397 podiis
363 2314 509 2379 satiricis
522 2320 573 2379 est
587 2314 782 2392 communis,
797 2333 905 2397 neque
914 2312 997 2377 vitio
1010 2313 1053 2377 iis
1068 2308 1234 2386 vertenda,
1243 2305 1344 2390 quip-

237 2433 282 2498 pe
303 2415 362 2499 qni
384 2416 454 2480 suis
467 2416 679 2499 potissimum
692 2415 912 2509 popularibus
925 2414 1083 2493 scribunt,
1097 2411 1220 2497 quibus
1237 2408 1344 2474 multa

238 2521 317 2585 sunt
330 2518 518 2597 notissima,
534 2539 610 2602 quae
624 2539 688 2584 nos
702 2520 933 2602 ignoramus¹⁰

281 2617 408 2687 Praeter
426 2621 618 2687 dramaticae
641 2620 892 2707 compositionis
914 2619 1090 2686 artificium
1112 2617 1211 2681 etiam
1234 2610 1342 2690 aliud,

236 2721 338 2807 idque
363 2743 431 2788 non
457 2724 568 2789 minus
590 2724 811 2808 ingeniosum,
825 2729 1032 2806 gratumque,
1070 2717 1214 2785 Horatio
1242 2733 1342 2801 paene

238 2826 412 2910 proprium
425 2832 477 2892 est
485 2827 521 2892 in
534 2846 643 2891 rerum
657 2827 844 2893 inventione
858 2845 899 2891 ac
914 2824 1144 2909 dispositione,
1157 2820 1220 2888 etsi
1233 2815 1342 2901 magis

736 3007 845 3059 NOTAE

201 3144 205 3149 ,
272 3103 304 3154 1⁰
321 3100 541 3152 ‘Jamesatiricis
552 3103 718 3168 nostratibus,
727 3104 772 3169 qui
811 3105 920 3155 tinorum
932 3104 1111 3168 sagacitatem,
1120 3100 1216 3151 nedum
1233 3086 1341 3148 acumen

238 3174 366 3227 Romanos
376 3178 472 3240 passim
484 3178 567 3228 secuti
584 3185 652 3242 sunt,
665 3179 771 3245 quique,
810 3183 986 3233 recentiorum
1005 3181 1187 3244 interpretum,
1203 3176 1247 3242 qni
1269 3187 1341 3238 saepe

238 3266 298 3309 cum
319 3252 353 3302 de
370 3253 446 3303 rebus
462 3254 601 3319 loquantur
617 3255 771 3319 quotidiano
809 3265 898 3310 tamen
917 3260 975 3323 plns
993 3257 1114 3308 viderunt
1129 3269 1207 3321 qnam
1226 3254 1341 3313 veteres,

239 3328 377 3389 enutritis,
393 3327 522 3380 faciliores
538 3331 674 3382 intellectu
694 3332 769 3383 nobis
810 3335 914 3400 penitus
925 3333 1090 3400 praeterierit.
1123 3329 1208 3396 Quid-r
1225 3327 1294 3393 qnod
1313 3327 1342 3377 in

237 3404 291 3454 sint
312 3420 419 3456 necesse
437 3413 488 3470 est,
508 3408 663 3472 conjectura
681 3424 770 3473 possu-
810 3411 940 3462 nonnullis
959 3409 1023 3460 locis
1044 3410 1102 3472 plus
1125 3421 1210 3470 sensu,
1225 3421 1276 3455 non
1295 3404 1342 3454 illo

239 3495 296 3531 mus
313 3482 424 3548 assequi,
435 3485 603 3549 quammulta
618 3484 643 3533 in
659 3484 770 3535 Horatio
810 3488 914 3554 quidem
924 3487 989 3537 satis
1000 3485 1140 3550 explicato,
1151 3482 1288 3547 percipere
1299 3494 1343 3530 no·

239 3570 291 3606 ⁸⁰¹¹
306 3558 398 3621 10111111,
417 3560 599 3617 18111111ῐί111
616 3559 644 3610 111
663 3561 770 3625 reliquit
812 3565 853 3615 bia
868 3565 993 3626 videmur,
1010 3578 1088 3629 quarn
1104 3559 1190 3611 verbis
1207 3557 1343 3607 declarare

239 3641 388 3699 occurrant,
398 3650 466 3700 quae,
477 3636 526 3686 etsi
536 3636 772 3688 animamnosrrum
812 3655 952 3704 possumus.
985 3640 1086 3693 Quibus
1104 3640 1191 3687 tamen
1208 3636 1285 3686 rebus
1304 3634 1343 3686 in-

239 3712 266 3762 in
276 3712 372 3761 nullam
378 3717 480 3776 partem
491 3727 560 3761 nune
572 3713 676 3778 quidem
686 3728 771 3763 move·
812 3717 946 3781 dagandis,
962 3716 984 3766 si
1005 3717 1032 3764 in
1049 3715 1161 3779 antiquis
1178 3709 1343 3762 monimentis

240 3794 295 3851 ant,
314 3789 340 3837 in
354 3789 517 3852 popularium
531 3795 631 3838 mentes
642 3804 735 3854 magna
746 3790 771 3839 vi
810 3792 874 3841 nihil
885 3792 929 3856 sit,
946 3807 997 3858 quc
1007 3792 1108 3855 nitaris,
1119 3805 1170 3840 non
1185 3800 1342 3853 magnopere

239 3864 521 3930 egerint,siquidemiu
532 3865 595 3928 ipsis
607 3865 771 3930 verbisque
811 3868 996 3933 indulgendum
1012 3881 1115 3929 censeo,
1131 3881 1164 3916 ne
1182 3866 1210 3915 in
1231 3863 1342 3928 ineptia·

239 3940 405 4004 adhibentur,
422 3941 548 3990 incorum
562 3939 632 3991 flexu
648 3949 677 3991 et
693 3942 772 3990 collo-
811 3959 868 3994 rum
877 3950 905 3993 et
916 3944 1071 3995 somniorum
1078 3943 1243 4008 campomis
1253 3954 1341 3991 omnes

240 4019 344 4067 catione
355 4017 441 4082 aliqua
451 4016 490 4066 vis
500 4018 582 4066 latere
592 4017 684 4081 possit,
700 4031 770 4082 quae,
811 4026 900 4085 partes
912 4021 966 4069 late
977 4025 1120 4084 patentem,
1137 4017 1282 4083 phantasia
1297 4016 1342 4066 im·

240 4109 298 4144 cnm
307 4109 401 4158 rerum,
409 4095 441 4145 ad
454 4099 595 4159 quastecte
607 4094 714 4145 aliorum
726 4095 771 4160 sit,
810 4103 875 4160 petu
887 4096 1030 4160 deducaris,
1037 4094 1106 4145 unde
1122 4095 1207 4145 exitus
1221 4093 1290 4143 hand
1301 4097 1342 4141 est

241 4168 442 4236 instituerint,
458 4170 500 4225 vel
517 4162 633 4224 veterum
646 4184 771 4237 memma·
810 4172 936 4226 intacibi'
968 4171 1342 4239 KoenigdeSat.Rsnap.⁹t.
