3059 4925
256 350 322 417 122
535 364 769 415 rnsrrnonm
794 364 843 413 nn
865 364 1077 414 rcvnnunm

254 511 456 594 Telingcnte
468 508 560 575 nefas
576 510 727 594 Pyladen
740 509 868 574 odisset
881 508 1051 593 Orestem,
1166 568 1169 572 .
1243 585 1246 594 Ι

256 671 259 678 .
297 614 430 678 Thesea
445 613 582 678 Pirithoi
596 613 797 677 destituisset
811 633 918 679 emor.

116 710 118 714 ’
255 715 306 782 Et
313 715 448 781 Siculos
462 715 591 793 iratres,
606 722 640 780 et
652 716 761 800 majus
774 734 891 779 nomen
905 713 1058 796 Atridas,

298 817 342 884 Et
353 819 454 883 Iedae
469 825 602 902 poteras
617 818 801 883 dissociare
815 837 928 901 genus.

215 977 224 998 ,
255 920 335 987 Ηοο
349 920 412 986 tibi
425 940 488 1004 pro
501 921 630 985 meritis
644 927 676 985 et
687 921 813 985 talibus
826 920 990 1003 imprecor
1004 920 1108 998 ansis,

297 1022 345 1087 Ut
357 1023 462 1087 facias
476 1022 571 1101 illud,
587 1023 688 1105 quod,
700 1027 794 1105 puto,
807 1021 923 1106 lingua
937 1021 1035 1086 facis.
1163 1075 1166 1080 .

446 1175 450 1180 ’
563 1173 689 1240 IDEM
712 1172 874 1238 EPIGR.
897 1190 964 1236 vrr.
985 1172 1041 1238 91.
1073 1261 1079 1280 .

254 1292 308 1358 De
321 1298 433 1358 nostro
447 1293 588 1358 facunde
603 1295 663 1359 tibi
675 1277 852 1358 luvenalis
867 1291 974 1375 agello

251 1468 261 1475 ..
296 1395 539 1462 Saturnalicias
552 1397 714 1460 mittimus
729 1413 938 1462 eccenueeS.

218 1525 226 1538 ·
254 1493 372 1563 Cetera
384 1500 521 1565 lascivis
536 1499 672 1565 donavit
684 1518 786 1582 poma
800 1496 923 1581 puellis

297 1599 448 1667 Mentula
463 1602 614 1668 custodis
627 1601 806 1666 luxuriosa
820 1600 899 1665 Dei.
1014 1671 1017 1677 ,

561 1751 686 1817 IDEM
709 1752 871 1818 EPIGR.
895 1751 1043 1817 x11.18.

296 1872 386 1936 Dum
399 1877 436 1937 tu
451 1874 587 1939 forsitan
603 1874 771 1957 inquietus
786 1893 878 1938 erras

295 1973 468 2054 Clamosa,
482 1976 672 2053 luvenalis,
689 1979 723 2041 in
738 1977 881 2055 Subura,

293 2074 364 2141 Aut
378 2079 498 2143 collem
509 2078 654 2143 dominae
667 2080 747 2143 teris
763 2079 906 2160 Dianae3
961 2071 968 2081 ’

294 2178 384 2243 Dum
398 2199 459 2263 per
472 2180 587 2244 limine
600 2186 632 2245 te
646 2181 868 2263 potentiorum

294 2277 455 2343 Sudatrix
469 2285 547 2361 toga
562 2281 707 2357 ventilat,
722 2299 912 2365 vagumque

293 2377 405 2467 Major
417 2379 541 2446 Caelius
555 2387 589 2446 et
601 2382 708 2445 minor
721 2382 878 2467 fatigant:

294 2481 354 2547 Me
368 2483 487 2547 multos
500 2483 641 2566 repetita
653 2489 731 2566 post
747 2485 950 2551 Decembres

293 2583 438 2669 Accepit
451 2605 525 2649 mee
538 2585 768 2671 rusticumque
782 2587 861 2653 fecit

293 2685 385 2754 Auro
400 2687 534 2752 Bilbilis
549 2694 583 2753 ct
597 2690 739 2773 superba
753 2690 850 2756 ferro.

413 2839 656 2908 CLAUDIUS
680 2840 911 2907 RUTILIUS
935 2838 1186 2907 lTlNERAR.

633 2961 708 3026 Lib.
738 2980 763 3026 r.
792 2960 976 3026 603-606.

249 3076 364 3160 Hujus
379 3078 543 3142 vulnificis
559 3078 669 3143 Satira
682 3080 813 3145 ludente
828 3078 999 3144 Gamoenis

292 3174 368 3240 Nec
383 3178 517 3242 Turnus
531 3179 652 3263 potior,
667 3199 727 3242 nec
742 3178 917 3244 luvenalis
933 3181 1004 3243 erit.

250 3272 412 3344 Restituit
426 3285 571 3345 veterem
585 3268 736 3345 censoria
749 3278 832 3361 lima
845 3280 1026 3364 pudorem;

292 3379 447 3466 Dumque
458 3382 567 3445 malos
582 3383 700 3465 carpit,
716 3383 874 3465 praecipit
887 3401 961 3473 esse
975 3383 1093 3446 bonos.

363 3529 404 3596 G.
426 3529 624 3595 SOLLIUS
647 3529 978 3597 APOLLINARIS
1001 3527 1232 3596 SIDONIUS

381 3663 491 3731 Germ.
507 3684 562 3732 rx.
576 3666 651 3732 266.
666 3688 718 3754 sq.
734 3668 778 3732 ad
792 3664 953 3751 Magnum
974 3666 1120 3733 Felicem
1135 3660 1214 3731 Cos.

287 3779 369 3846 Non
379 3782 436 3864 qui
450 3786 596 3866 tempore
611 3783 756 3848 (laeseris
771 3787 905 3850 secundi

288 3878 427 3949 AEtcmo
442 3884 581 3950 incoluit
595 3884 721 3951 Tomos
735 3893 846 3953 reatu:

206 3978 217 3991 ⁵
289 3986 364 4052 Nec
379 3988 436 4071 qui
451 3989 617 4053 consimili
631 3989 751 4053 deinde
766 4008 858 4065 casu,

248 4100 252 4105 ·
287 4085 345 4151 Ad
358 4088 449 4170 vulgi
463 4093 595 4153 tenuem
609 4091 785 4174 strepentis
799 4107 924 4168 auram,

288 4188 370 4255 Ircti
383 4186 449 4256 fuit
461 4190 629 4259 histrionis
644 4193 737 4259 exul.
823 4270 826 4275 .
