3059 4925
623 405 763 477 sirius
788 425 838 477 vr.

183 570 370 639 Dimidium
384 572 543 656 tegimen:
564 572 617 637 vel
633 573 662 637 si
673 572 807 636 diversa
821 572 968 636 movebit

182 674 322 753 Proelia,
338 682 374 740 tu
388 676 470 740 felix
484 695 601 740 ocreas
616 676 776 740 vendente
791 676 915 759 puella.

148 825 159 836 .
181 778 250 842 Hae
266 785 351 857 sunt,
367 800 443 863 quae
459 779 547 843 tenui
561 778 681 842 sudant
694 779 728 842 iu
744 776 892 862 cyclade,
909 793 1048 861 quarum
1138 766 1141 772 ’

182 877 329 945 Delicias
343 887 376 945 et
391 882 587 966 panniculus
600 882 822 966 bombycinus
837 883 913 946 urit.
1221 878 1288 943 266

180 980 320 1067 Aspice,
336 1004 402 1069 quo
416 984 762 1048 fremitumonstretos
777 983 919 1067 perferat
933 983 1030 1059 ictus,

180 1210 279 1275 tonino,
290 1225 366 1275 quam
377 1217 404 1260 tn
415 1210 505 1274 beatus,
518 1212 644 1274 juvenculo
655 1229 734 1262 ocreas
748 1230 830 1263 cenum
842 1212 989 1278 exponente!
1012 1212 1074 1276 lpse
1084 1217 1138 1262 suut
1155 1228 1207 1276 quie
1217 1213 1284 1262 sudo-

179 1290 228 1324 rem
240 1276 351 1324 emittunt
361 1277 387 1324 in
398 1277 444 1325 teci
459 1278 561 1341 cyclade,
578 1292 678 1341 quornm
695 1280 825 1342 colnpmes
839 1280 920 1329 adurit
938 1279 1051 1328 sericeum
1067 1279 1140 1327 etiam
1154 1278 1285 1341 palliolum.

182 1343 257 1390 Cerne
268 1346 355 1403 poento
363 1343 456 1403 gernitn
466 1342 555 1402 inferat
569 1344 731 1407 percussiones
741 1350 846 1394 ostensos
852 1362 862 1405 ;
878 1359 990 1408 quontqm
1000 1359 1087 1406 magno
1096 1343 1193 1391 cassidis
1203 1342 1285 1405 mcci·

177 1631 249 1666 arma
267 1618 422 1670 Samnitium
442 1626 611 1670 recensentur
647 1620 707 1669 tiam
725 1620 904 1669 tunice-25⁷
922 1619 1025 1681 tegimen
1044 1623 1085 1669 21.
1098 1623 1138 1668 22.
1149 1622 1190 1668 45.
1207 1625 1237 1668 ut
1256 1616 1283 1667 in

178 1683 284 1745 optimis
295 1684 450 1734 membranis
469 1686 575 1750 ubique,
588 1634 657 1734 anile
673 1684 762 1747 recepi
781 1699 828 1747 pro
846 1686 914 1747 vulg.
930 1689 1032 1745 tegmen.
1050 1682 1092 1732 Cf.
1110 1683 1168 1732 Nic.
1189 1682 1282 1732 Heius.

177 1746 211 1796 ad
220 1747 266 1797 Sil.
277 1762 296 1797 1.
308 1754 365 1799 462.
383 1750 427 1814 qui
439 1758 524 1800 tamen
537 1751 570 1799 ad
582 1751 655 1814 virg.
668 1751 725 1799 AEn.
739 1763 783 1798 ιιι.
796 1752 853 1798 594.
866 1757 895 1798 et
905 1762 956 1798 νιι.
971 1753 1028 1798 666.
1048 1756 1184 1812 utramque
1202 1749 1285 1810 scrip·

175 1816 262 1860 turam
273 1816 386 1876 damnat,
396 1823 423 1863 et
435 1815 517 1865 ubivis
533 1822 643 1877 tegntncn
662 1814 839 1877 reponendum
857 1821 955 1863 censet.
972 1812 1074 1863 movebis
1083 1818 1124 1861 27.
1136 1817 1177 1861 46.
1189 1815 1230 1861 47.
1242 1816 1283 1860 58.

175 1881 258 1926 -258
274 1883 324 1926 tum
335 1884 376 1929 25.
387 1884 428 1929 27.
438 1885 523 1930 coss.
534 1884 619 1929 5466.
635 1883 676 1928 64.
688 1882 813 1928 tis-259
830 1880 890 1927 Htec
909 1883 949 1928 61,
960 1883 1001 1927 62.
1022 1882 1062 1927 66.
1074 1881 1117 1926 67.
1136 1882 1177 1926 71.
1189 1881 1229 1926 72.
1241 1880 1283 1926 76.

175 1942 253 2003 prob.
265 1944 419 2007 Pulruunuo,
431 1952 460 1995 ut
470 1945 505 1994 sit
522 1945 650 2008 enallage,
660 1951 690 1993 ut
701 1942 748 1993 inf.
766 1959 805 1992 vs.
824 1948 881 1993 592.
899 1950 927 1993 et
937 1959 979 2006 ap.
989 1944 1098 1991 Terent.
1117 1943 1144 1990 in
1161 1942 1227 1990 Eun.
1239 1954 1282 1989 ιιι.

175 2011 200 2056 5.
212 2010 252 2056 ss.
269 2006 352 2057 Andr.
364 2023 402 2059 ιν.
415 2015 438 2059 1.
458 2015 497 2059 82.
514 2009 540 2058 in
560 2010 705 2060 Heautont.
717 2023 755 2058 ιν.
768 2013 793 2058 4.
805 2012 829 2057 4.
841 2015 869 2058 et
885 2008 912 2057 in
923 2010 1030 2057 Phorm.
1040 2022 1067 2057 v.
1079 2012 1103 2057 8.
1115 2007 1161 2072 (al.
1177 2004 1230 2068 lb.)
1240 2008 1282 2054 2³.

175 2071 270 2134 quibus
282 2079 367 2123 tamen
378 2075 440 2125 locis
452 2075 570 2125 meliores
581 2074 640 2124 iibri
652 2075 701 2123 Hie
712 2073 753 2123 vel
766 2074 867 2123 Hucine
883 2073 1098 2122 exhibent-261
1113 2070 1229 2136 preferat
1239 2074 1281 2120 47.

673 2257 784 2308 NOTAE

172 2379 306 2434 iuvenalis
326 2392 430 2449 tegmen
447 2385 543 2438 sinistri
566 2387 645 2438 cruris
654 2403 707 2438 me·
748 2388 843 2438 catula
855 2394 1006 2452 queruntur,
1018 2399 1049 2434 ac
1059 2382 1131 2433 velut
1141 2380 1224 2431 aduri.

173 2467 266 2512 morat.
299 2464 342 2512 De
358 2461 397 2514 his
414 2464 475 2514 vide
486 2466 605 2517 Macrob.
623 2482 649 2517 v.
667 2472 707 2521 18.
782 2465 889 2521 Quarum
898 2461 1060 2525 deliciando]
1071 2463 1187 2513 Quarum
1196 2457 1282 2522 molle,

174 2534 269 2587 iufiue.
297 2539 376 2589 Certe
386 2556 447 2590 crus
456 2542 549 2592 laevum
559 2543 708 2606 tegebatur,
748 2547 877 2603 tenerum,
895 2540 1035 2591 delicatum
1047 2536 1196 2602 corpusvix
1210 2535 1281 2584 ferre

174 2615 242 2680 quod
254 2618 460 2679 protendebatur
468 2620 591 2668 adversus
601 2620 707 2670 hostem.
747 2625 836 2684 potest
846 2618 1009 2682 bombycinus
1021 2612 1101 2665 vestis
1112 2613 1222 2678 pondus.

171 2691 318 2745 Dimidium
335 2709 398 2744 vero
416 2695 511 2744 dicitur
523 2703 637 2761 tegmen,
647 2696 708 2761 quia
780 2700 829 2745 266
840 2692 1012 2758 Borndycinns]
1027 2694 1050 2741 E
1061 2691 1120 2741 telis
1129 2702 1282 2739 araneorum

172 2769 273 2818 nonnisi
284 2786 299 2818 a
311 2771 379 2836 pede
396 2771 428 2819 ad
446 2786 515 2835 genu
527 2772 707 2836 perveniebat,
746 2771 825 2823 modo
845 2771 925 2821 textis
945 2770 978 2819 ad
1000 2770 1088 2818 luxum
1106 2765 1280 2827 feminarum,

172 2845 305 2908 superiora
316 2852 422 2911 tegente
434 2847 537 2911 clypeo.
746 2847 860 2899 inventis
871 2837 981 2910 primum
991 2846 1016 2894 iu
1028 2846 1067 2895 Co
1078 2843 1167 2892 Insula
1177 2854 1192 2890 a
1204 2841 1282 2890 Pam-

204 2927 253 2972 257
264 2922 295 2972 Si
301 2923 394 2973 diense
402 2923 605 2988 mouebitproelic]
617 2924 643 2974 Si
652 2931 707 2975 tam
747 2924 819 2988 pbila
830 2924 938 2973 muliere
950 2921 1025 2971 Latoi
1035 2919 1101 2969 filia:
1119 2925 1150 2966 ut
1160 2917 1198 2966 ait
1208 2916 1280 2966 Plin.

172 3000 282 3063 retiarii,
299 3015 376 3066 quam
387 3001 547 3051 mirmillonis
563 3008 651 3067 partes
663 3015 706 3051 va·
747 3013 780 3050 ιι.
791 3005 832 3051 22.
844 2999 889 3049 ubi
900 2999 933 3048 de
945 2995 1122 3061 bombycibus.

171 3074 223 3127 tias
235 3084 388 3142 exequatur,
406 3077 523 3143 adeoque
535 3078 651 3142 geminas
662 3079 706 3128 ha·
779 3080 827 3125 261
846 3075 899 3131 Quo
913 3072 1026 3136 fremitu]
1049 3071 1105 3121 cic.
1125 3063 1227 3119 Tuscul.
1248 3067 1284 3119 ιι.

171 3150 234 3202 beat
242 3168 338 3216 cereas,
356 3169 407 3205 non
426 3155 556 3218 simplices
567 3163 654 3205 autem
666 3170 706 3206 so·
746 3167 773 3201 n.
785 3157 825 3202 56.
842 3153 849 3180 ‘
861 3151 909 3201 Vir
918 3149 1013 3213 t‘ortis,’
1025 3147 1118 3212 inquit,
1139 3147 1147 3173 ‘
1159 3143 1279 3208 ingemis·

171 3227 234 3292 lum,
244 3235 274 3278 ut
285 3229 366 3279 AEtoli
383 3232 481 3299 populi,
499 3230 532 3280 de
544 3230 636 3295 quibus
647 3231 705 3283 Ma·
745 3229 793 3294 cit,
804 3237 834 3279 ut
845 3243 873 3279 se
884 3227 1003 3279 intendat
1022 3226 1055 3275 ad
1068 3223 1233 3283 firmitatem
1250 3227 1281 3273 ut

170 3304 244 3354 ereb.
255 3307 313 3357 loco
324 3307 415 3358 citato.
745 3307 773 3356 in
792 3307 876 3357 stadio
897 3319 1015 3357 cursores
1035 3302 1183 3352 exclamant
1202 3313 1280 3363 quam

204 3384 253 3431 258
273 3385 310 3434 Tu
324 3383 390 3443 felix
407 3384 706 3449 ocreasoendentepncllu]
745 3383 986 3448 maximepossunt.
1021 3379 1131 3435 Faciunt
1139 3378 1209 3427 idem
1220 3390 1280 3427 cum

171 3457 289 3525 Ironice,
305 3469 336 3510 ut
346 3468 442 3512 cetera.
476 3464 583 3515 Quanta
592 3463 640 3513 tibi
655 3465 708 3528 glo-
746 3469 904 3511 exercentur
932 3461 1046 3509 athletae.
1088 3455 1196 3520 Pugiles
1216 3467 1279 3505 vero

171 3535 219 3600 ria,
230 3545 354 3602 quantum
371 3541 460 3602 decus,
471 3556 487 3590 o
500 3541 549 3603 vir,
566 3556 646 3591 uxore
661 3548 707 3592 tua
746 3541 828 3589 etiam
849 3554 909 3588 cum
932 3537 1031 3587 feriunt
1047 3534 1230 3593 adversarium,
1251 3532 1279 3579 iu

171 3615 311 3679 ancipitem
331 3616 474 3666 stuariam
491 3624 647 3668 armaturam
664 3633 707 3668 ve·
742 3614 875 3680 jactandis
893 3613 1007 3664 cestibus
1025 3610 1205 3675 ingemiscunt,
1225 3620 1279 3657 uon

166 3703 230 3739 num
244 3700 417 3757 proponente,
428 3695 590 3744 ostentante!
746 3691 816 3757 quod
827 3690 943 3753 doleant,
963 3688 1081 3738 animove
1098 3684 1279 3746 succumbant,

203 3767 299 3832 Puella]
316 3770 405 3818 Uxore
417 3769 618 3820 adolescentula.
745 3768 792 3817 sed
812 3767 871 3831 quia
890 3768 917 3816 iu
937 3763 1117 3831 profundenda
1126 3775 1191 3813 ecce
1202 3772 1279 3810 omne

199 3847 253 3892 259
269 3844 319 3893 Hc
336 3849 391 3894 sunt
401 3861 452 3909 quc
468 3846 548 3908 tenni]
565 3845 622 3896 Illae
641 3846 705 3910 ipsae
745 3858 839 3908 corpus
846 3842 1001 3904 intenditur,
1011 3839 1134 3903 venitque
1145 3839 1223 3902 plaga
1235 3850 1277 3884 ve·

170 3934 227 3983 quae
239 3920 314 3970 virile
333 3921 413 3970 robur
432 3919 595 3972 affectantis
607 3922 704 3986 gladia·
743 3919 902 3970 hemcntior:

169 3995 244 4046 toriis
256 3997 496 4061 exercitatiou'mus,
512 3998 539 4048 in
557 3997 615 4047 aliis
626 3997 703 4048 rebus
777 3998 924 4047 Mntnratos
939 3994 1048 4061 perferat
1063 3991 1136 4055 mus]
1155 3993 1278 4041 Doceuts

168 4067 315 4123 foemineam
337 4075 440 4125 omuino
461 4074 602 4125 ostendunt
623 4074 704 4124 molli·
743 4074 846 4124 lanista.

170 4147 240 4201 tiem-
390 4194 393 4199 .
776 4148 889 4211 Perfecit
899 4149 972 4213 ictus]
989 4148 1095 4199 Quanta
1103 4144 1202 4195 ferocia
1211 4142 1277 4195 infli-

204 4223 316 4288 cyclade]
327 4225 448 4278 Rotunda
457 4227 592 4291 chlamyde
604 4242 619 4277 e
630 4226 703 4277 tenui
742 4230 789 4292 gat
798 4220 875 4286 ictus,
886 4229 1082 4280 aemonstratos
1089 4230 1178 4289 gestus
1186 4236 1276 4275 omues

169 4300 246 4353 valde
256 4301 310 4369 nro,
320 4317 372 4368 qua
382 4304 524 4371 segravari
540 4310 628 4357 umen
639 4304 702 4355 deli·
742 4311 896 4372 exequatur.
