3059 4925
236 309 281 394 92
581 377 584 381 μ
659 321 707 370 nr
733 281 922 368 summere

236 481 388 565 pleribus
408 487 478 547 tum
494 476 649 555 Ausonii,
667 475 772 563 (inter
786 476 882 560 cujus
898 473 1044 537 carmina
1057 472 1201 556 primum
1213 472 1344 553 reperta
1414 558 1419 566 Ι

236 590 288 660 est
303 591 337 648 et
349 585 440 648 edita
454 605 484 648 a.
500 584 585 647 1509
600 603 622 647 a
636 579 808 645 Thaddaeo
828 576 986 661 Ugoleto)
1005 582 1075 640 tum
1097 574 1255 650 Petronii,
1279 571 1345 636 Ca-

237 686 440 765 talectorum,
464 686 573 750 Persii
590 691 622 752 et
634 683 810 749 luvenalis
824 700 955 745 annexa
969 685 1037 744 est:
1059 682 1194 763 recepta
1209 694 1344 762 quoque

235 807 260 853 a
273 786 498 853 Wemsdorfio
520 790 553 853 in
573 787 673 851 Poet.
688 785 763 850 Lat.
781 784 865 850 Min.
888 784 930 849 T.
947 800 1005 847 ιιι.
1028 803 1061 865 p.
1076 781 1131 846 83.
1147 801 1217 864 seq.
1262 779 1345 862 Ipsa

237 890 367 974 poetria
380 893 527 976 impense
542 891 696 956 laudatur
717 908 739 953 a
753 886 903 952 Martiali
916 908 952 952 x.
966 887 1018 951 35.
1033 891 1066 951 et
1079 884 1133 950 38.
1150 890 1182 947 et
1197 882 1344 964 Scaliger

238 993 272 1056 iu
284 992 518 1077 Hypercritico
533 998 654 1069 monet,
678 997 687 1025 ‘
703 993 793 1054 inea
809 990 950 1054 multum
964 989 1165 1055 dexteritatis
1179 985 1224 1050 ad
1237 986 1361 1051 satiri-¹

239 1115 312 1159 cam
328 1096 576 1161 amarulentiam
591 1094 769 1180 aspirantis
794 1113 880 1171 esse,
904 1111 1060 1157 numeros
1075 1111 1166 1168 vero,
1192 1097 1231 1155 ut
1253 1093 1344 1155 ineo

234 1218 353 1280 genere
373 1199 550 1282 poematis
569 1218 635 1262 non
656 1195 936 1261 contemnendos?
973 1195 1107 1260 -Contra
1122 1194 1343 1259 Casaubonns

238 1298 281 1363 de
296 1299 366 1363 Sat.
383 1298 484 1364 Rom.
507 1321 541 1384 p.
556 1298 635 1364 236:
656 1297 759 1361 ‘Non
776 1300 933 1363 erraverit
949 1298 1080 1383 judicio
1104 1297 1202 1375 meo,'
1224 1296 1343 1379 inquit,

239 1403 322 1485 ‘qui
347 1402 491 1466 Satiram
515 1402 550 1466 id
578 1400 701 1485 poema
725 1401 961 1485 nominaverit:
995 1401 1212 1467 eruditionem
1235 1407 1344 1465 tamen

239 1508 272 1568 et
286 1505 703 1587 probitatem‘nobilissimm
718 1503 865 1567 foeminae
876 1524 920 1567 ex
930 1505 1074 1568 carmine
1087 1505 1200 1586 potius
1214 1501 1344 1576 laudes,

147 1666 151 1680 ,
240 1626 340 1690 quam
363 1609 578 1673 acrimoniam
601 1615 634 1673 et
655 1607 699 1671 ad
727 1607 879 1671 satiricos
901 1627 1033 1672 morsus
1056 1606 1189 1687 eteniam
1214 1605 1344 1670 lacertis

240 1710 329 1771 enim
344 1716 434 1775 caret
449 1711 555 1779 oratio
569 1715 602 1775 et
622 1712 803 1795 ἀγωνιστικῷ
825 1710 964 1793 spiritu!
997 1710 1050 1775 cf.
1065 1708 1270 1774 Wemsdorf.
1284 1707 1307 1770 l.
1321 1705 1345 1769 l.

235 1830 274 1893 p.
291 1828 355 1877 ux.
370 1815 593 1897 sq.-Tuccu
613 1815 744 1897 ineptus
766 1813 829 1877 suit
843 1813 1105 1898 Satirographus,
1129 1819 1163 1877 et
1182 1803 1345 1875 deridetur

239 1933 261 1977 a
277 1913 424 1980 Martiali
439 1934 508 1981 xu.
523 1917 577 1981 95.
593 1906 635 1980 al.
650 1916 706 1980 94.
729 1921 763 1980 et
786 1916 828 1979 al.
851 1915 905 1981 96.
928 1937 947 1980 e
970 1917 1065 2001 cujus
1079 1917 1181 1999 epigr.
1197 1933 1298 1978 versu
1311 1913 1347 1977 7·

239 2022 264 2095 ι’
276 2015 449 2083 Audemus
465 2021 613 2096 Satires:
636 2019 787 2083 Lucilius
802 2039 877 2083 esse
898 2018 1056 2094 laboras‘)
1078 2016 1300 2082 Gasaubonns
1312 2020 1346 2079 et

240 2118 445 2188 Wemsdorf.
469 2142 644 2206 perperam
663 2121 871 2203 colligebant,
894 2120 1096 2211 Martialem,
1117 2123 1146 2185 si
1168 2141 1243 2185 eum
1258 2118 1346 2184 serio

202 2241 206 2248 ·
240 2224 421 2306 scripserit,
443 2226 556 2308 ipsum
571 2243 703 2307 quoque
718 2224 925 2288 satiricorum
939 2224 1112 2307 poetarum
1138 2225 1239 2289 choro
1259 2224 1347 2286 inse·

241 2325 376 2388 rendum
402 2346 488 2391 esse.
541 2325 609 2404 Qui
634 2331 739 2390 totum
760 2327 934 2408 perlegerit
960 2328 1176 2410 epigramma,
1204 2344 1272 2391 non
1298 2325 1347 2389 ita

235 2426 768 2511 judicabit.-Mrner0r1se1
783 2432 947 2514 ingenium
962 2437 995 2497 et
1009 2430 1052 2496 ad
1065 2430 1133 2495 alia
1144 2430 1302 2509 oarnrina,
1313 2435 1348 2494 et

240 2530 285 2595 ¹ad
309 2531 437 2598 Satiras
457 2534 649 2598 scribendas
671 2534 881 2617 aptissimum
897 2534 1026 2609 Statius
1039 2534 1177 2597 summis
1189 2533 1346 2597 laudibus

242 2634 385 2700 celebrat
398 2638 432 2700 in
447 2637 540 2721 Sylv.
553 2653 577 2700 1.
592 2639 623 2702 3.
642 2638 718 2721 101.
734 2657 802 2720 seq.
817 2637 968 2720 idemque
983 2638 1019 2700 in
1034 2636 1189 2720 Epistola
1203 2637 1247 2702 ad
1262 2635 1347 2699 Stel·
1384 2678 1385 2681 κ

240 2735 320 2816 lam,
343 2737 456 2823 Sylvis
471 2741 623 2824 praefixa,
645 2739 834 2823 Vopiscum
850 2740 997 2825 appellat
1018 2740 1146 2805 ‘virum
1161 2739 1347 2805 eruditissi-

241 2860 342 2919 mum,
364 2844 420 2926 qui
440 2846 612 2929 praecipue
625 2842 771 2910 vindicet
793 2863 814 2907 a
841 2844 908 2908 situ
928 2844 1040 2907 literas
1059 2844 1131 2927 jam
1145 2863 1244 2926 paene
1261 2842 1346 2925 fugi·

242 2941 354 3008 entes?
435 2994 438 3001 ,
524 2952 532 2959 “

285 3026 437 3112 Satiricis
464 3049 580 3113 horum
608 3054 793 3132 temporum
823 3048 934 3133 potitis
963 3054 1217 3115 annumerantur
1244 3048 1345 3114 etiam

244 3146 352 3213 Julius
371 3146 490 3234 thfur,
513 3150 680 3227 Cornutus,
705 3146 827 3214 Gavius
843 3149 969 3230 Barrus,
988 3158 1022 3217 et
1037 3148 1201 3230 Rabirius,
1220 3172 1250 3231 s.
1275 3149 1345 3214 Ru·
1444 3144 1447 3151 Δ

242 3249 345 3314 driur:
369 3251 428 3316 sed
442 3252 555 3320 Rufus
568 3255 676 3318 nullas
691 3253 776 3320 forte
792 3254 932 3333 Satires,
950 3259 984 3319 et
998 3256 1116 3340 reliqui
1130 3255 1227 3333 alias,
1243 3274 1346 3339 quam

242 3353 449 3433 Lucilianas,
465 3356 639 3440 scripsere.
684 3356 707 3422 J
711 3374 792 3422 υιιι
817 3357 916 3423 Ruri
940 3360 1139 3422 mentionem
1156 3357 1238 3422 facit
1253 3357 1347 3423 Mar·

243 3456 333 3521 tialis
353 3457 387 3520 in
411 3457 564 3537 disticho,
579 3458 692 3541 figurae
718 3459 868 3524 Socratis
884 3460 1087 3545 subscripto,
1110 3461 1170 3525 lib.
1187 3477 1226 3524 x.
1242 3462 1346 3544 epigr.

243 3559 296 3623 99.
320 3558 380 3622 ‘Si
395 3557 551 3623 Romana
571 3559 677 3625 forent
698 3561 772 3626 haec
797 3561 944 3641 Socratis
965 3583 1035 3641 ora,
1057 3563 1207 3645 fuissent,
1232 3563 1347 3627 Julius

154 3660 156 3664 ’
243 3661 278 3725 in
291 3660 420 3746 Satyris
434 3663 546 3745 qualia
559 3661 670 3728 Rufus
683 3664 805 3728 habet!
848 3650 1064 3728 Casaulionus
1088 3665 1130 3729 de
1152 3665 1223 3731 Sat.
1243 3665 1345 3729 Rom.

243 3780 279 3848 p.
294 3762 369 3827 231.
393 3765 572 3843 existimat,
586 3767 639 3830 his
653 3767 764 3832 verbis
779 3766 973 3850 gravitatem
989 3767 1071 3831 Rufi
1087 3768 1122 3830 in
1138 3768 1256 3832 Satiris
1274 3769 1346 3832 lam

244 3865 328 3945 dari,
347 3865 487 3931 Crenius
502 3873 613 3932 autem
627 3869 710 3932 ibid.
731 3869 768 3931 in
782 3875 893 3935 annot.
916 3875 949 3934 et
965 3867 1121 3934 Raderus
1138 3870 1179 3933 ad
1197 3868 1345 3935 Martial.

243 3967 266 4033 l.
280 3968 304 4033 l.
323 3970 542 4053 suspicantur,
566 3970 651 4033 hunc
665 3971 771 4035 virum
784 3971 947 4036 illustrem
966 3972 1069 4036 fuisse
1083 3976 1116 4035 et
1130 3971 1278 4048 doctum,
1300 3968 1347 4037 ad

245 4090 341 4152 quem
369 4070 499 4138 Plinius
529 4072 635 4157 Epist.
666 4090 700 4137 u.
731 4075 785 4138 21.
813 4079 847 4138 et
876 4092 942 4139 v11.
963 4076 1018 4140 25.
1042 4075 1225 4158 scripserit.
1278 4073 1347 4137 Sed

245 4169 449 4240 Wemsdorf.
471 4175 493 4241 l.
508 4175 531 4240 l.
545 4196 580 4260 p.
598 4191 693 4240 xvir.
709 4176 785 4262 jam
807 4177 892 4245 bene
915 4183 1031 4256 contra
1052 4196 1111 4244 eos
1134 4177 1183 4242 ita
1197 4176 1348 4277 disputas
