3059 4925
260 386 327 457 494
589 396 790 457 excursos
812 399 864 450 an
887 400 969 451 sar.
991 401 1041 451 ιν.

261 553 484 635 sequerentur,
497 564 593 633 agros
610 564 689 617 snos
709 547 820 615 viliori
842 551 950 633 pretio
971 549 1168 616 vendebant.
1190 614 1193 619 ,
1213 550 1253 614 li
1272 548 1325 617 ted
1344 570 1367 618 a

261 652 405 721 librariis
429 656 541 717 estex
562 650 653 717 finali
676 652 772 718 litera
783 656 834 715 τοῦ
846 673 937 738 agros
956 653 1190 737 praecedentis
1204 659 1238 719 et
1251 672 1367 720 mona·

262 756 398 824 chorum
411 755 574 841 scriptura
585 763 643 834 aet,
657 761 695 820 ut
714 755 904 820 sexcenties
926 757 962 820 iu
981 761 1060 822 vett.
1075 755 1162 821 Mss.
1184 760 1217 820 et
1241 757 1367 839 saepius

261 859 306 927 ud
326 858 475 923 Martial.
497 859 627 922 monuit
650 857 853 931 Scriverius:
885 863 942 924 aut
953 860 983 923 si
1003 860 1077 943 quis
1093 859 1128 922 ri
1149 857 1204 922 red
1225 859 1367 925 tolerare

261 959 353 1041 velit,
367 967 513 1027 nostram
532 962 724 1026 sententiam
738 961 891 1027 admittat
909 963 1048 1029 saltem?
1093 961 1223 1026 Praedia
1236 958 1367 1047 Appula

261 1064 437 1132 laudantur
452 1065 553 1131 etiam
567 1064 623 1131 inf.
639 1080 696 1129 rx,
705 1064 946 1130 55.-Prateus
961 1072 1071 1133 tamen
1084 1066 1188 1133 etalii
1201 1086 1268 1132 uon
1278 1066 1368 1131 mule

262 1170 487 1254 suspicantur,
499 1169 634 1234 minoris
645 1188 746 1254 quam
760 1169 841 1234 alibi
854 1172 989 1235 venisse
1003 1191 1100 1254 agros
1114 1169 1264 1256 Apuliae,
1276 1169 1369 1253 quod

262 1293 382 1356 magna
394 1273 466 1358 ejus
488 1292 579 1358 pars,
603 1293 703 1356 quam
720 1273 824 1357 poita
842 1275 1035 1357 respexerit,
1058 1275 1227 1340 montibus
1247 1293 1369 1358 aspera

261 1376 358 1443 inerit
372 1397 413 1443 ac
428 1377 562 1456 sterilia
586 1374 638 1461 (v.
654 1375 776 1443 Horat.
792 1374 862 1443 Sat.
879 1395 906 1442 1.
920 1379 953 1443 5.
965 1379 1021 1444 77.
1036 1398 1089 1462 sq.
1109 1383 1143 1444 et
1163 1377 1285 1443 Seneo.
1301 1375 1368 1460 Frp.

261 1477 317 1547 87.
331 1485 365 1546 et
377 1481 433 1546 91.
455 1481 514 1544 ubi
537 1479 612 1546 baeo
632 1481 800 1563 legrmtnr:
832 1479 941 1565 ‘Agri
954 1482 1134 1547 suburbani
1147 1487 1370 1564 tantompos·

262 1583 361 1664 sidet,
376 1588 534 1669 quantum
547 1584 711 1650 invidiose
723 1583 758 1648 in
770 1582 912 1650 desertis
928 1582 1064 1668 Apuliae
1078 1578 1292 1668 possideret)
1312 1581 1368 1650 vei

263 1687 354 1769 quod
376 1685 503 1771 Apulia
527 1686 697 1752 infestetur
708 1686 858 1773 Atabulo
880 1694 993 1766 vento,
1017 1689 1075 1772 qui
1098 1688 1235 1772 plantas·
1249 1685 1369 1768 frigore

263 1788 394 1869 adurat,
417 1789 461 1854 de
475 1811 543 1876 quo
557 1811 590 1856 v.
606 1789 728 1855 Horat.
743 1791 768 1856 l.
781 1791 805 1856 l.
850 1789 967 1857 Seneo.
990 1789 1073 1855 Nat.
1100 1789 1232 1871 Quaest.
1255 1807 1291 1854 v,
1313 1788 1369 1863 17.

262 1890 352 1957 Ptin.
367 1908 465 1959 xvrr.
480 1895 536 1959 24.
572 1892 659 1959 Gell.
675 1910 716 1958 11.
731 1893 786 1958 22.
830 1891 931 1960 Alex.
946 1894 989 1959 ab
1000 1890 1101 1958 Alex.
1117 1909 1173 1959 111.
1187 1893 1242 1957 22.

306 1991 461 2062 Ceterum
476 1996 675 2080 scripturam
687 1992 828 2080 Appulia
843 2014 907 2078 pro
917 1992 1038 2079 Apulia
1052 1995 1207 2061 revocavi
1221 1993 1368 2061 sousa

262 2097 317 2166 65.
340 2116 381 2162 ne
401 2104 541 2164 metrum
563 2101 747 2166 laboraret:
779 2116 856 2164 narn
879 2099 1024 2183 primam
1045 2099 1121 2184 syll.
1143 2118 1218 2164 voc.
1245 2095 1368 2183 Apulia

261 2200 397 2268 brevem
419 2221 506 2280 csse,
527 2203 718 2286 intelligitur
740 2223 785 2268 ex
807 2203 930 2269 Horat.
953 2201 1020 2269 Od.
1049 2219 1106 2267 111.
1129 2203 1184 2267 24.
1205 2203 1238 2267 4.
1263 2205 1297 2266 et
1322 2198 1367 2267 al.

263 2301 384 2387 Neque
396 2306 507 2369 tamen
520 2305 658 2369 eandem
682 2306 727 2370 ob
754 2325 895 2372 causam
917 2311 1051 2372 auctore
1077 2303 1236 2370 Schmafl.
1257 2323 1369 2369 emen·

264 2404 429 2470 dandum:
452 2414 482 2468 et
495 2406 626 2491 azajores
641 2417 726 2472 terra
742 2406 873 2494 Appula
889 2407 1013 2474 caudit:
1039 2429 1116 2475 narn
1131 2406 1280 2475 secunda
1293 2406 1368 2494 qui·

263 2508 340 2572 dem
351 2508 428 2593 syll.
442 2515 493 2572 τοῦ
507 2508 632 2596 Apulus
646 2529 674 2575 s.
688 2510 835 2597 Appulus
855 2515 1030 2598 corripitur
1053 2534 1076 2579 a
1097 2513 1219 2599 poetis,
1234 2512 1296 2578 sed
1315 2513 1367 2574 τοῦ

264 2608 387 2695 Apulia
400 2617 435 2678 et
448 2611 601 2698 Apuliam
621 2632 751 2701 semper
771 2614 978 2700 producitur,
999 2636 1034 2683 v.
1049 2637 1080 2682 c.
1106 2618 1151 2681 ab
1166 2614 1313 2682 Horatio
1330 2615 1366 2681 iu

265 2706 330 2782 Od.
346 2731 402 2783 ur.
417 2716 472 2783 24.
483 2718 518 2785 4.
532 2716 688 2805 inEpod.
703 2735 761 2784 111.
776 2719 831 2786 16.
846 2722 880 2784 et
892 2719 927 2787 iu
940 2718 1011 2786 Sat.
1026 2738 1053 2786 r.
1068 2721 1100 2786 5.
1114 2721 1170 2787 77.
