3059 4925
223 372 266 438 lt)
684 390 891 441 rnururru.

220 543 372 609 criticam
395 545 553 609 rationem
575 547 610 608 et
632 546 847 611 subtilitatem
871 544 989 609 animis
1013 544 1145 627 assequi
1171 546 1322 627 possunt.

222 645 461 712 Adulescentes
485 666 630 731 quoque,
656 650 873 729 generosioris
897 648 1015 711 saltem
1040 647 1173 724 indolis,
1200 645 1323 710 c'rltlcae

223 749 364 834 alicujus
387 750 555 814 facultatis
581 750 726 832 copiam,
752 771 819 833 qua
840 770 936 814 nemo
960 750 1103 832 quidem,
1128 749 1186 832 qui
1211 747 1254 811 ad
1275 747 1325 809 in·
1378 793 1380 796 ·

223 871 337 936 genuae
363 852 521 916 doctrinae
548 852 686 934 gloriam
713 853 920 937 solidamque
943 853 1160 916 eruditionem
1186 851 1322 933 aspirat,

149 966 152 970 ’
224 957 296 1020 siue
310 956 431 1037 insigni
446 960 479 1019 et
493 974 554 1018 suo
576 959 609 1018 et
632 956 874 1040 cujuscumque
896 956 1095 1039 discipliuae,
1111 956 1166 1019 cui
1188 972 1325 1039 operam

223 1056 292 1134 dat,
319 1057 438 1120 damno
464 1056 601 1133 carebit,
617 1058 681 1120 sibi
707 1077 911 1141 comparare,
932 1063 966 1122 et
986 1058 1132 1122 adhunc
1150 1058 1325 1142 judicandi

58 1156 63 1163 ’
98 1233 101 1239 .
221 1159 379 1223 rationem
402 1158 523 1221 sensim
536 1158 675 1236 institui,
690 1160 834 1237 formari,
850 1165 884 1223 et
899 1162 974 1224 aeui
987 1166 1193 1224 neeesseest.
1237 1160 1324 1225 Tum
1368 1167 1378 1184 '

223 1260 322 1324 etiam
345 1260 380 1323 id
402 1263 465 1342 egi,
480 1266 519 1324 ut
538 1278 605 1322 non
625 1262 707 1324 solis
721 1260 900 1343 juvenum,
923 1263 982 1326 sed
1005 1263 1179 1328 doctorum
1193 1282 1325 1347 quoque

222 1363 366 1426 virorum
381 1365 496 1427 usibus
507 1363 742 1446 qualicumque
757 1384 861 1448 opera
875 1385 948 1428 mea
962 1367 1162 1429 inservirem.
1208 1364 1325 1448 Neque

223 1463 398 1529 Juvenalis
422 1465 534 1529 satirae
557 1466 605 1529 ita
625 1466 697 1549 jam
721 1465 883 1529 subsidiis
908 1467 1064 1532 librorum
1088 1467 1325 1551 doctorumque

223 1567 426 1650 ingeniorum
455 1568 573 1632 studiis
601 1571 759 1652 expolitae
787 1575 874 1646 sunt,
898 1575 937 1633 ut
958 1571 1073 1633 critica
1097 1571 1132 1632 in
1156 1571 1199 1634 iis
1223 1587 1327 1653 opera

223 1672 324 1754 plane
352 1688 563 1753 supervacua
591 1673 644 1735 sit.
698 1673 736 1736 Si
772 1693 853 1737 rero
883 1674 958 1757 quis
987 1673 1157 1757 scriptoris
1185 1674 1326 1757 alicujus

223 1774 343 1838 edendi
369 1774 543 1838 consilium
570 1774 679 1837 auimo
704 1776 820 1857 agitat,
843 1774 878 1838 id
901 1775 1046 1858 primum
1070 1774 1246 1838 contendat
1270 1794 1327 1838 ne·

223 1895 319 1940 cesse
332 1883 393 1954 est,
409 1882 445 1940 ut
459 1881 650 1940 contextum
665 1877 739 1961 ejus
754 1897 854 1961 quam
873 1877 1140 1940 emendatissime
1160 1875 1327 1955 exhibeat,

223 1985 258 2045 et
280 1980 373 2043 labes
396 1982 625 2062 maculasque,
648 1980 857 2045 librariorum
879 1981 932 2046 vel
954 1984 1089 2065 stupore
1103 1980 1156 2045 vel
1171 1977 1328 2042 socordia

223 2081 255 2146 ei
270 2101 435 2167 aspersas,
450 2102 516 2147 una
537 2104 613 2147 cum
633 2084 766 2147 laciniis
789 2083 897 2148 deleat
918 2089 950 2147 et
971 2083 1103 2165 pannis
1122 2101 1208 2167 quos
1223 2081 1327 2164 inepti

222 2184 470 2267 interpolatores
484 2185 533 2248 illi
547 2187 693 2248 assuisse
709 2186 812 2250 videri
826 2188 976 2269 possunt.

144 2352 148 2356 ,
268 2285 424 2350 Fortasse
440 2292 549 2350 tamen
572 2287 632 2349 viri
654 2287 746 2349 docti
766 2288 841 2371 jure
863 2288 1043 2370 meritoque
1064 2287 1200 2351 nimiam
1219 2304 1328 2349 meam

223 2387 259 2451 iu
285 2407 324 2451 ea
353 2408 387 2451 re
411 2388 663 2471 vibrperandam
692 2388 895 2473 judicabunt
928 2387 1146 2452 industriam:
1184 2386 1328 2471 amplius

222 2489 308 2552 enim
330 2489 496 2571 octoginta
520 2490 664 2569 codices,
686 2491 740 2554 vel
760 2510 858 2553 manu
880 2492 995 2574 scripti
1015 2492 1068 2555 vel
1089 2490 1180 2568 editi,
1198 2495 1233 2554 et
1257 2490 1328 2572 ple*
1352 2538 1356 2543 ,

222 2593 316 2674 rique
331 2590 465 2675 quidem
479 2595 582 2654 tuma
596 2593 701 2674 princi
705 2593 768 2675 pio
781 2592 824 2655 ad
838 2593 945 2670 finem,
965 2599 1035 2657 tum
1052 2612 1074 2656 a
1088 2613 1140 2656 me
1156 2593 1244 2676 ipso,
1258 2596 1329 2667 tum
1458 2630 1461 2637 -

222 2692 476 2756 accuratissimo
498 2691 619 2769 studio,
642 2695 824 2777 comparati
843 2700 930 2757 suut.
976 2694 1145 2773 Quantum
1167 2693 1329 2758 molestiae

222 2794 429 2865 exhauserim
450 2794 484 2857 iu
506 2794 730 2877 conquirenda
751 2796 1017 2880 excutiendoque
1039 2800 1133 2861 tauta
1150 2796 1329 2860 lectionum

222 2896 396 2980 farragine,
412 2897 511 2961 facile
526 2898 716 2979 intelligent,
731 2900 790 2981 qui
806 2898 858 2962 vel
872 2918 975 2962 unum
993 2900 1144 2962 codicem
1159 2899 1330 2982 diligenter

223 3001 428 3066 contulerint.
475 2998 559 3064 Cum
573 3019 653 3063 vero
669 2999 766 3082 longe
788 3001 937 3064 maxima
951 3000 1123 3064 varietatis
1136 2999 1234 3084 hujus
1249 3017 1330 3082 pars

223 3103 268 3168 ad
283 3104 396 3167 inanes
411 3101 619 3185 quisquilias,
642 3106 677 3164 et
696 3102 906 3166 librariorum
930 3103 984 3168 vel
1009 3108 1178 3186 stuporem
1199 3102 1254 3165 vel
1274 3119 1330 3164 nce

224 3205 416 3288 gligentiam
429 3204 560 3283 redeat;
576 3204 732 3285 exiguum
747 3203 898 3286 profecto
912 3205 1055 3269 fructum
1069 3205 1146 3267 inde
1159 3209 1192 3268 et
1205 3203 1228 3268 J
1231 3221 1332 3267 uveu·

225 3310 288 3375 alis
312 3314 346 3373 et
370 3308 473 3371 lector
497 3305 666 3389 percipere
690 3311 814 3389 potest,
838 3308 936 3391 isque
961 3308 1109 3372 maximo
1132 3305 1214 3370 mihi
1245 3304 1331 3377 redi·

223 3409 362 3474 mendus
390 3409 454 3473 fuit
481 3407 594 3484 taedio,
624 3415 747 3487 sumtu,
772 3428 886 3492 opera,
910 3415 943 3474 et
965 3409 1138 3494 dispendio
1163 3407 1329 3491 temporis.
1368 3466 1374 3475 .

225 3510 304 3591 Quo
324 3511 437 3576 labore
460 3509 627 3574 Herculeo
649 3516 803 3595 expertus
825 3532 909 3591 sum,
932 3533 1032 3596 quam
1053 3530 1132 3577 vera
1154 3511 1231 3586 siut,
1253 3526 1331 3592 quae

223 3616 349 3678 monuit
363 3613 480 3697 Heyne
494 3613 529 3675 in
544 3612 683 3679 Praefat.
699 3614 742 3678 ad
756 3614 874 3697 Virgil.
896 3615 938 3678 T.
956 3631 1011 3680 111.
1056 3618 1066 3646 ‘
1081 3612 1239 3676 Virorum
1252 3610 1331 3675 doc·

225 3721 235 3750 ‘
250 3722 356 3781 torum
373 3714 506 3799 judicia
529 3734 627 3799 super
642 3717 800 3781 varietate
814 3717 967 3781 lectionis
981 3721 1014 3780 et
1031 3715 1186 3780 codicum
1200 3732 1333 3798 compa·

224 3824 234 3852 ‘
249 3820 375 3883 ratione
388 3818 580 3900 plerumque
593 3836 635 3882 ea
649 3823 735 3895 sunt,
748 3826 783 3882 ut
795 3819 876 3882 uilril
889 3817 1105 3883 omittendum
1115 3836 1189 3880 esse
1201 3819 1329 3898 putent,

224 3919 341 4005 ‘quod
360 3920 396 3981 in
414 3918 528 4000 aliquo
548 3919 634 3983 libro
655 3920 793 4001 scripto,
814 3921 869 3984 vel
890 3940 934 3983 ex
956 3918 1091 4004 scriptis
1112 3917 1211 3997 edito,
1226 3918 1331 3994 aliter,

225 4028 354 4105 ‘quam
375 4019 476 4101 vulgo
500 4020 629 4103 legitur,
645 4026 820 4085 exaratum
841 4022 896 4086 sit.
941 4022 978 4086 si
996 4028 1106 4087 tamen
1131 4021 1166 4084 iu
1187 4018 1330 4102 Virgilio

224 4125 314 4189 ‘hoc
337 4125 420 4188 forte
446 4121 586 4187 concedi
609 4127 908 4206 potest,tauquam
929 4121 1086 4206 inpolita
1108 4123 1268 4206 principe,
1293 4120 1331 4184 in

224 4230 320 4312 ‘quo
341 4226 422 4293 nihil
437 4225 536 4299 nimis
557 4225 631 4292 lere
654 4243 728 4293 esse
753 4227 872 4312 possit,
893 4231 927 4290 et
944 4226 980 4290 in
1001 4242 1068 4310 quo
1088 4224 1218 4290 mures
1241 4220 1331 4288 rudi·
