3059 4925
224 333 270 403 so
582 334 587 342 '
614 345 702 394 1111
726 331 939 394 1111191111

226 497 400 587 pomum
413 495 518 581 paea
531 457 687 559 ,fasae
707 490 798 577 apuu
812 490 962 556 eumaem
975 489 1154 555 manuam
1170 465 1256 576 rap.
1278 489 1330 557 cr.

226 602 270 669 ad
283 602 354 667 Sat.
370 618 393 665 1.
408 599 482 666 199.
495 603 530 663 et
544 611 624 662 xlv.
639 597 693 663 91.

395 786 501 854 111.
517 784 557 852 c.
573 785 649 852 eoa.
694 779 819 850 onusti
831 784 887 849 io.
929 731 1153 848 ...1111

266 919 320 995 De
333 923 595 1011 praeceptoribus
605 919 628 985 J
631 919 779 985 uvenalis
792 915 872 982 nihil
884 920 995 1002 potest
1009 921 1099 982 certa
1111 922 1144 981 et
1157 919 1330 1003 explorata

222 1031 288 1098 fide
301 1029 398 1097 tradi.
443 1025 632 1091 Henninius
647 1022 793 1108 quidem,
819 1020 935 1085 Criniti
957 1021 1161 1104 aliorumque
1183 1024 1329 1087 auctori·

222 1117 325 1201 tatem
339 1137 482 1210 secutus,
498 1129 542 1194 ad
556 1130 661 1194 vitam
674 1125 862 1204 luvenalis,
888 1145 965 1209 quae
987 1125 1143 1191 Suetonio
1163 1126 1328 1205 tribuitur,

222 1243 324 1317 notat,
340 1253 414 1301 erun
430 1232 596 1297 Frontone
612 1229 841 1295 Grammatico
864 1225 1100 1315 (qnemetiam
1124 1230 1195 1296 Sat.
1222 1247 1246 1297 1.
1272 1219 1331 1296 12.

223 1342 313 1407 innui
327 1337 463 1422 quidam
477 1329 608 1419 putant)
621 1335 779 1417 magistro
792 1349 890 1397 usum
911 1349 996 1410 esse,
1019 1338 1053 1398 et
1075 1333 1121 1397 ab
1142 1351 1183 1397 eo
1199 1341 1329 1399 summa'

134 1506 139 1511 ,
223 1427 392 1524 diligentia
412 1435 616 1501 institutum:
638 1437 726 1501 huuc
748 1435 836 1501 enim
859 1431 1016 1501 docuisse
1034 1434 1338 1522 illis-temporibus

223 1537 344 1609 Romae
359 1547 569 1625 magnacum
582 1538 725 1604 nominis
740 1539 943 1617 celebritate,
966 1542 1049 1602 teste
1063 1536 1184 1603 Gellio.
1229 1537 1332 1603 Eam:

223 1644 297 1710 dem
312 1644 357 1708 ob
372 1657 510 1708 cansam
522 1639 612 1706 fuere
625 1641 737 1726 etiam,
759 1641 816 1724 qui
841 1638 1036 1704 iuvenalem
1057 1640 1093 1702 in
1116 1635 1332 1726 disciplinam

222 1743 375 1812 traditum
392 1761 465 1810 esse
480 1742 688 1823 Quintiliano
703 1744 959 1827 suspicarentur.
1003 1739 1071 1804 Sed
1084 1755 1187 1825 quam
1200 1743 1330 1811 infirma

222 1850 267 1916 sit
289 1838 363 1916 haec
385 1849 485 1927 ratio,
509 1846 609 1912 facile
631 1845 834 1929 intelligitur.
879 1843 972 1911 Nam
994 1861 1061 1908 non
1083 1846 1183 1909 modo
1206 1843 1327 1913 Romae

222 1952 278 2017 alii
290 1947 425 2037 quoque
438 1957 519 2017 tunc
538 1950 697 2036 temporis
719 1950 810 2033 iique
832 1949 978 2013 celebres
996 1947 1086 2011 suere
1108 1945 1327 2017 Grammatici

221 2055 256 2122 et
277 2049 452 2133 Rhetores,
475 2068 615 2139 quorum
638 2052 771 2119 scholas
789 2052 994 2135 frequentare
1014 2052 1123 2133 potuit
1142 2051 1330 2135 iuvenalis,

223 2169 300 2223 oum
324 2173 408 2241 puer
433 2162 530 2234 esset,
557 2157 617 2220 sed
642 2156 745 2220 multo
771 2173 903 2239 quoque
931 2154 1139 2238 probabilius
1163 2155 1327 2234 est,‘eum

223 2259 416 2344 quorumvis
452 2258 565 2341 potios
600 2257 740 2322 aliorum
771 2256 972 2321 institutione
1001 2257 1185 2322 formatum
1210 2253 1332 2340 fuisse,

177 2381 180 2388 ⁴
222 2379 324 2447 quam
352 2359 530 2424 Frontonis
559 2357 649 2424 illius
678 2363 712 2423 et
739 2357 951 2436 Quintiliani.
1010 2357 1079 2423 Hic
1107 2359 1205 2438 enim,
1235 2363 1327 2445 quod
1417 2385 1425 2398 ⁸

222 2465 496 2549 supradiximus,
517 2464 571 2527 vel
584 2457 711 2540 eodem,
737 2481 805 2546 quo
819 2458 921 2546 polita
933 2467 1054 2539 noster,
1076 2478 1174 2541 anno,
1200 2464 1252 2529 vel
1266 2464 1327 2529 ali-

222 2572 315 2650 quot,
330 2565 388 2630 ille
402 2570 511 2630 autem
526 2564 638 2629 multis
653 2564 747 2628 anuis
759 2570 838 2649 post
851 2583 928 2627 eum
941 2569 1037 2628 natus
1050 2564 1189 2630 videtur.
1234 2562 1327 2631 Mar·

221 2686 282 2734 cus
296 2672 383 2732 certe
406 2665 576 2731 Cornelius
591 2662 727 2744 Fronto,
750 2664 957 2730 clarissimus
972 2664 1109 2745 Rhetor,
1133 2671 1227 2756 cujus
1247 2689 1328 2755 pas·

221 2771 284 2835 sim
307 2772 505 2834 mentionem
528 2769 611 2833 iacit
632 2766 773 2846 Gellius,
799 2765 920 2853 (Noct.
943 2764 1014 2834 Att.
1030 2771 1149 2835 11.·26.’
1166 2787 1255 2837 x111.
1270 2773 1326 2840 28.

222 2884 308 2939 xlx.
322 2872 356 2938 8.
371 2873 428 2937 lo.
441 2869 515 2956 13.)
535 2879 723 2956 praeceptor
747 2869 811 2934 luit
834 2870 973 2934 duorum
997 2869 1246 2955 Imperatorum,
1274 2875 1326 2943 M.

220 2973 380 3041 Antonini
399 2974 609 3059 Philosophi,
633 2972 706 3058 (qui
720 2972 752 3037 ei
766 2978 910 3038 statuam
924 2977 959 3038 in
973 2984 1100 3053 senatu,
1117 2979 1327 3046 consulatum

220 3079 256 3144 in
270 3077 355 3143 duos
369 3072 498 3142 menses
513 3079 665 3161 aliosque
684 3076 825 3141 honores
840 3076 1005 3160 contulit)
1026 3085 1060 3144 et
1076 3076 1169 3145 Veri.
1193 3079 1243 3165 (v.
1259 3081 1331 3146 Ca·
1439 3089 1444 3093 ”

219 3181 349 3266 pitolin.
371 3181 406 3243 in
419 3181 491 3245 vita
504 3177 628 3244 Anton.
645 3176 774 3243 Philos.
796 3198 826 3242 c.
841 3179 875 3243 2.
891 3185 925 3243 et
937 3178 1020 3244 Veri
1036 3202 1067 3246 c.
1081 3183 1114 3246 2.
1139 3179 1268 3251 Auson.
1290 3185 1326 3249 in

220 3272 302 3366 grat.
318 3290 395 3361 act,
417 3282 573 3348 Macrob.
589 3282 659 3347 Sat.
676 3300 710 3347 ν.
727 3283 759 3346 1.
776 3288 810 3375 et
829 3283 936 3366 ipsius
952 3283 1127 3350 Frontonis
1151 3284 1261 3370 Epist.
1281 3287 1326 3352 ad

221 3378 376 3451 Marcum
395 3405 451 3470 ap.
474 3383 620 3468 Charis.)
641 3382 829 3449 Antoninus
842 3404 920 3450 vero
938 3386 994 3450 ille
1017 3389 1165 3468 regnavit
1183 3410 1214 3455 a.
1230 3389 1275 3456 U.
1292 3411 1324 3457 c.

219 3486 376 3578 914933.
387 3509 418 3552 a.
428 3487 505 3552 Chr.
517 3487 670 3553 161-189.
684 3493 717 3552 et
729 3494 828 3552 nabis
843 3494 894 3552 est
907 3508 937 3553 a.
950 3487 995 3552 U.
1008 3509 1039 3554 c.
1054 3490 1130 3555 874.
1154 3491 1233 3560 Chr.
1246 3493 1323 3562 121.

220 3589 348 3674 aliquot
363 3590 446 3656 forte
467 3590 638 3654 mensibus
659 3590 714 3681 uel
736 3590 821 3654 adeo
844 3592 940 3657 annis
962 3597 1040 3677 post
1062 3601 1198 3682 mortem
1220 3596 1325 3663 Juve-

219 3692 314 3770 nalis,
338 3693 398 3774 qui
420 3691 464 3756 ad
484 3712 648 3757 summam
670 3692 763 3777 vixit
776 3697 985 3771 senectutem.
1030 3694 1117 3772 Quis
1132 3698 1244 3783 itaque
1259 3700 1323 3765 sibi

217 3794 426 3878 persuadeat,
438 3797 609 3880 utriusque
624 3800 861 3880 praeceptorem
876 3796 979 3859 fuisse
994 3796 1193 3863 Frontonem
1208 3798 1323 3867 illumi

228 3899 234 3906 '
263 3894 416 3961 Ceterum
444 3899 473 3960 si
501 3904 594 3981 puter
622 3896 733 3980 poetae
761 3894 865 3961 nostri
895 3893 1027 3983 locuples
1057 3900 1220 3966 libertinus
1248 3905 1323 3984 sirit,

219 3996 324 4062 lilium
351 4000 492 4064 artibus'
512 4000 703 4064 liberalibus
733 3991 964 4084 honestisque,
994 4004 1114 4088 quibus
1146 3984 1321 4088 nobilium,
1432 3986 1435 3993 ’

218 4095 337 4164 saltem
355 4101 579 4183 ingenuorum,
594 4103 966 4182 liheri'instituebantur,
983 4093 1195 4172 imbuendum
1208 4129 1322 4175 curare

217 4198 365 4285 poterat3
388 4202 489 4288 idque
505 4205 639 4270 omnino
654 4220 792 4269 curasse
806 4203 945 4270 videtur.
1259 4224 1261 4227 ·
1323 4198 1328 4214 ’
