3059 4925
217 315 303 399 'sbi
524 344 575 394 nr
597 342 679 394 sar.
703 341 863 406 nucrnrr,
886 341 1060 406 norrun,

236 488 289 560 uic
304 488 412 558 omnis
425 489 531 556 oratio
545 509 568 555 a
580 489 719 555 naturali
737 489 981 574 pulchritudine
1003 510 1043 555 ac
1064 491 1249 569 veritates
1264 491 1343 556 sim·

238 593 401 679 plicitate,
415 593 585 676 pariete,
597 598 630 656 et
640 591 854 671 sublimitate,
869 591 912 656 ad
920 592 1082 657 rhetorum
1096 593 1233 656 subtiles
1246 612 1344 676 argu-

238 696 306 762 tias
320 700 353 760 et
364 695 524 780 puerilem
543 694 578 757 in
598 694 740 759 dicendo
754 698 915 770 ornatum,
929 694 973 757 ad
986 694 1161 775 quaesitam
1177 695 1344 776 quandam

239 795 435 879 elegantiam
448 800 481 859 et
491 797 666 861 verborum
686 795 862 872 luxuriem,
883 795 1001 859 robore
1014 794 1190 877 nervisque
1203 795 1345 861 destitu-

239 902 319 977 tan,
344 898 388 961 ad
415 899 548 962 inanem
576 898 738 962 dominae
764 898 1014 963 ostentationem
1041 895 1346 980 affectationemque

238 999 320 1066 artis
333 999 540 1065 deflectebat.
582 998 725 1064 Poetica
747 1001 868 1077 oratio,
891 1001 998 1077 ris-,et
1017 998 1159 1062 facultas
1181 1004 1346 1078 enatura,

238 1101 382 1184 iugenio,
396 1107 554 1185 rectoque
569 1100 709 1186 judicio,
727 1120 748 1165 a
763 1101 885 1184 quibus
898 1105 970 1164 tota
990 1098 1121 1183 pendet,
1136 1099 1181 1163 ad
1195 1104 1299 1165 artem
1312 1106 1348 1166 et

239 1209 420 1288 praecepta,
450 1222 526 1287 quae
554 1203 624 1267 sine
650 1202 717 1266 illis
740 1221 859 1286 pamm
887 1200 1010 1278 valent,
1040 1219 1185 1283 quaeque
1211 1220 1347 1266 sensum

239 1322 353 1370 verum
375 1324 417 1369 ac
438 1303 622 1388 pulchrum,
637 1322 747 1367 acrem
763 1307 797 1366 et
817 1306 963 1379 acutum,
979 1302 1070 1365 alere*
1086 1302 1219 1387 quidem
1240 1307 1274 1368 et
1295 1323 1348 1368 re·

109 1459 116 1467 ,
241 1424 326 1488 gere,
336 1425 403 1470 non
416 1426 495 1471 vero
508 1406 543 1470 in
556 1406 634 1485 illis,
645 1406 769 1489 quibus
783 1426 805 1469 a
816 1410 932 1470 natura
946 1404 1124 1486 denegatus
1139 1410 1200 1482 est,
1215 1405 1348 1487 gignere

241 1511 277 1571 et
288 1508 436 1573 excitare
449 1514 600 1592 possunt,
617 1509 690 1594 jam
711 1512 853 1575 exeunte
872 1506 998 1573 saeculo
1013 1503 1186 1589 Augusteo
1200 1507 1348 1572 deverte-

240 1607 310 1686 bat,
325 1612 358 1673 et
370 1610 490 1675 exinde
503 1610 610 1693 magis
622 1630 711 1676 vana
724 1608 908 1674 eruditione
930 1613 1030 1690 atque
1052 1605 1205 1672 Asiatico
1219 1616 1351 1675 tumore

241 1710 297 1775 vel
320 1710 503 1796 jejunitate,
527 1719 662 1779 ornatus
687 1713 864 1777 verborum
888 1710 1121 1801 phrasiumque
1146 1710 1289 1794 aucupio
1314 1713 1350 1775 et

200 1886 205 1892 g
242 1812 437 1892 variatione,
464 1815 577 1880 servili
604 1815 784 1881 imitatione
812 1814 965 1879 aliorum·
978 1816 1011 1876 et
1037 1811 1159 1893 frigida
1186 1812 1349 1876 sermonis

242 1912 400 1991 ubertate,
422 1916 646 1981 transitionem
667 1915 812 1981 audacia
832 1920 867 1978 et
887 1914 1110 1992 inversicnum
1129 1914 1258 1992 duritie,
1276 1912 1350 1977 dia-

243 2011 364 2078 lectico
378 2018 609 2082 sententiarum
624 2016 778 2092 acumine
787 2029 958 2099 rerumque
969 2015 1171 2079 obscuritate
1183 2021 1217 2079 et
1231 2015 1352 2098 ampli·

242 2113 408 2195 litatione,
425 2120 719 2202 comparationum,
741 2118 932 2199 figurarum,
951 2120 1183 2200 nopotumque
1204 2118 1353 2184 multitu·

244 2214 322 2282 (bne
332 2222 366 2282 et
379 2219 566 2298 insolentia,
581 2222 756 2285 verborum
768 2218 823 2284 vel
838 2218 1045 2302 antiquorum
1063 2217 1351 2304 obsoletorumque

244 2319 437 2399 sectatione,
460 2321 516 2385 vel
536 2322 718 2404 vulgarium
739 2319 901 2403 perplexa
924 2324 1096 2396 structura,
1118 2317 1352 2387 declamatoria

244 2420 403 2499 vanitate,
418 2427 451 2487 et
468 2421 610 2507 prolixis
626 2424 697 2488 sine
717 2441 820 2488 succo
833 2441 874 2487 ac
889 2420 1046 2505 sauguine
1059 2420 1351 2504 disputationibus,

246 2540 346 2605 quam
359 2528 485 2603 naturae
499 2524 710 2609 simplicitate
729 2545 772 2590 ac
791 2529 976 2603 venustate,
998 2524 1140 2607 genuino
1153 2525 1351 2590 urbanitatis

243 2623 457 2709 veritatisque
479 2626 600 2706 colore,
614 2628 703 2693 nullo
724 2628 803 2694 fuco
824 2628 919 2706 illito,
939 2626 1060 2710 ingenii
1079 2628 1228 2692 ubertate
1250 2631 1353 2710 atque

243 2724 408 2810 elegantia
430 2728 574 2812 quadam
595 2729 793 2809 admirabili,
816 2729 1012 2794 inventionis
1039 2727 1279 2812 pulchritudine
1307 2746 1351 2792 ao

243 2828 401 2909 novitate,
421 2831 600 2914 imaginum
620 2833 756 2898 veritate
778 2837 813 2898 et
832 2832 1034 2916 proprietate
1057 2831 1285 2894 sententiarum
1308 2849 1352 2894 ac

243 2931 428 3012 verbonrm,
444 2936 625 3016 argumenti
645 2936 815 3019 exquisito
837 2934 965 3000 delectu
986 2939 1020 2997 et
1040 2933 1126 2997 scita
1145 2933 1353 3011 tractatione,

245 3038 325 3115 apta
339 3035 422 3099 serie
435 3040 469 3099 et
481 3037 697 3104 collocatione
718 3059 826 3104 rerum
847 3043 880 3102 et
900 3036 1057 3102 orationis
1078 3035 1203 3101 adeas
1217 3055 1351 3100 accom-

245 3134 436 3201 modatione
462 3140 699 3206 continebatur.
744 3140 833 3206 Haec
862 3139 1004 3223 corrupti
1029 3140 1188 3204 sermonis
1211 3138 1352 3219 indoles,

245 3234 320 3301 baec
339 3243 506 3304 oratorum
527 3239 767 3327 poetarumque
789 3238 907 3318 oratio,
927 3245 1147 3305 consentanea
1165 3244 1236 3303 erat
1253 3240 1353 3322 genio

245 3334 335 3401 illius
350 3339 429 3417 aevi,
444 3360 511 3423 quo
524 3341 673 3407 bomincs
694 3343 730 3408 in
751 3343 823 3408 dies
834 3342 950 3426 ‘magis
972 3361 994 3407 a
1013 3346 1131 3405 natura
1143 3341 1352 3420 recedebant,

246 3457 426 3524 eorumque
440 3443 648 3525 ingenianon
669 3446 811 3529 amplius
834 3445 980 3529 diligenti
1001 3442 1197 3508 Graecorum
1209 3443 1354 3519 lectione

245 3542 282 3605 et
295 3548 454 3607 accurata
465 3543 616 3612 humanae
629 3552 757 3612 naturae
774 3565 946 3631 rerumque
964 3545 1151 3627 cognitione
1165 3545 1352 3622 alebantur,

246 3640 306 3706 sed
340 3647 626 3725 grammaticorum
660 3650 900 3734 rhetorumque,
929 3647 1124 3715 stolidorum
1157 3647 1353 3731 plerumque

242 3740 356 3809 inanis
382 3745 541 3812 doctrinae
570 3755 815 3829 ostentatorum,
844 3749 1044 3815 institutione
1074 3754 1289 3832 praepostera,
1304 3828 1306 3834 s
1319 3752 1354 3812 et

248 3844 385 3911 assium
394 3846 603 3916 declamandi
614 3850 841 3936 recitandique
855 3850 1088 3918 consuetudine
1100 3848 1356 3921 formabamus.

745 4016 855 4069 NOTAE

283 4125 298 4173 Β
315 4123 403 4190 Digna
418 4130 479 4179 sunt
495 4140 552 4193 quar
565 4128 691 4194 juvenum
703 4145 782 4183 causa
820 4132 830 4160 ‘
843 4130 912 4180 Num
924 4128 974 4180 alio
985 4142 1080 4195 genere
1092 4127 1215 4178 furiarum
1226 4125 1353 4177 declama·

250 4199 411 4254 ascribentur
429 4205 510 4255 rerba
524 4205 643 4258 Petronii
664 4206 719 4258 Sat.
739 4222 780 4273 pr.
820 4212 890 4258 tores
901 4205 1275 4272 inquietantur,quiclamaut:
1287 4205 1354 4257 Hae
