3059 4925
638 369 844 420 onerario.
1270 351 1291 414 7

187 543 266 593 nere
291 525 371 590 mihi
394 526 505 603 liceat,
529 525 577 591 ita
601 530 722 602 tamen,
748 529 786 590 ut
809 527 998 589 resecentur
1019 518 1189 598 nonnulla,
1214 538 1290 605 quse

187 627 255 693 buc
269 647 336 692 non
349 632 510 711 spectent,
531 633 565 692 et
578 627 776 713 adjiciantur
790 626 869 690 alia.

234 728 351 795 Primo
362 730 476 814 utique
490 735 523 794 et
543 734 703 816 perpetua
724 748 806 796 cura
828 728 892 793 fuit
910 727 996 804 brec,
1019 733 1066 802 ut,
1092 724 1293 811 quicumque

191 851 267 897 mea
293 832 436 898 editione
461 838 617 911 uteretur,
644 833 744 897 aliem
768 849 835 895 non
859 847 1059 913 magnopere
1083 826 1293 907 desideraret,

189 933 251 998 sed
265 934 301 997 in
322 954 364 999 ca
384 936 552 1020 reperiret,
573 933 736 1020 quicquid
757 935 836 998 boni
859 938 891 998 et
915 930 1068 1017 praeclari
1091 929 1135 994 ad
1156 929 1294 1014 poetam

188 1034 427 1100 emendandum
477 1037 777 1121 illustrandumque
828 1036 1018 1118 interpretes
1070 1032 1292 1098 contulissent.

187 1136 329 1222 Semper
340 1141 427 1204 enim
441 1141 522 1204 mibi
537 1139 709 1225 displicuit
729 1157 802 1204 mos
815 1144 848 1203 et
862 1135 1065 1202 consuetudo
1088 1153 1210 1214 eorum,
1234 1134 1293 1219 qni

114 1283 117 1288 ·
187 1239 301 1305 ubivis
317 1240 468 1319 lectores,
488 1241 588 1306 etiarn
612 1240 763 1306 obscuris
778 1241 814 1304 in
835 1238 920 1303 locis
943 1258 984 1302 ac
1007 1239 1117 1315 rebus,
1139 1237 1182 1302 ad
1204 1236 1293 1302 alias

186 1341 356 1406 remittunt
380 1341 555 1420 editiones,
579 1342 731 1427 adeoque
754 1342 842 1406 banc
866 1341 910 1404 iis
934 1341 1164 1405 necessitatem
1186 1340 1293 1425 impo-

187 1448 279 1520 nunt,
294 1449 343 1520 ut,
359 1449 442 1529 quot
456 1445 521 1508 sint
543 1445 640 1509 unius
664 1445 839 1528 scriptoris
854 1443 1014 1508 editiones
1036 1462 1059 1507 a
1080 1443 1160 1507 viris
1184 1441 1293 1506 doctis

185 1549 325 1622 ematae,
351 1551 401 1610 tot
424 1546 568 1611 habeant
590 1553 623 1612 et
649 1547 813 1623 coemant,
839 1548 879 1622 si,
907 1565 1127 1629 quaecumque
1151 1545 1195 1609 ud
1218 1544 1293 1629 ejus

186 1656 258 1720 sive
283 1657 456 1724 lectionem
482 1659 554 1723 sive
586 1658 887 1741 interpretationem
912 1656 1133 1740 adjurandam
1157 1657 1200 1721 ab
1223 1657 1293 1722 edi-

185 1760 312 1823 toribus
341 1760 463 1825 collata
491 1761 568 1836 sint,
595 1778 792 1844 cognoscere
823 1761 971 1843 cupient.
1017 1756 1119 1837 Quod
1146 1761 1294 1843 proiecto

184 1882 251 1927 non
265 1864 375 1927 minus
389 1864 489 1929 hebet
504 1863 717 1940 incommodi,
741 1883 842 1948 quum
865 1864 906 1941 si,
930 1862 1140 1946 superiorum
1165 1868 1292 1946 tempo·

184 1983 259 2028 rum
277 1967 374 2042 vitio,
397 1965 577 2030 Variorum
590 1955 698 2042 notas,
716 1968 770 2031 vel
785 1971 963 2049 excerptas
977 1966 1031 2028 vel
1043 1966 1201 2045 integras,
1224 1963 1291 2026 tuis

184 2065 362 2150 adjungas,
386 2088 453 2152 quo
479 2068 527 2145 fit,
552 2073 590 2133 ut
613 2073 736 2151 praeter
759 2073 860 2144 recta,
887 2067 974 2130 bona
999 2073 1033 2130 et
1059 2066 1164 2140 utilia,
1192 2064 1292 2129 ctiam

184 2169 359 2251 permulta,
373 2170 444 2234 sire
458 2169 548 2233 falsa
562 2176 596 2236 et
617 2189 639 2233 a
662 2169 899 2253 posterioribus
921 2167 1066 2252 interpp.
1087 2167 1160 2252 jam
1175 2163 1293 2231 confu-
1384 2189 1389 2196 ·

183 2275 267 2348 tata,
282 2272 354 2335 sire
375 2273 524 2356 vulgaria
537 2279 571 2338 et
584 2272 704 2349 aliena,
724 2291 785 2336 nec
800 2271 903 2336 semel
918 2276 1056 2348 tantum,
1082 2270 1141 2334 sed
1166 2268 1292 2353 saepius

185 2370 324 2455 legenda
351 2374 428 2451 sint,
458 2380 493 2438 et
521 2374 592 2457 ipse
622 2378 738 2438 auctor
763 2374 799 2436 in
823 2378 980 2438 notorum
1007 2374 1106 2449 mole,
1136 2376 1294 2456 tanquam
1372 2377 1375 2380 ’

184 2474 308 2556 cymba
326 2475 361 2539 in
376 2474 525 2554 Oceano,
539 2481 651 2539 netore
665 2475 828 2542 videatur.
873 2475 945 2559 Ego
967 2477 1108 2540 mediam
1128 2476 1294 2555 ingressus

183 2574 289 2655 viam,
301 2597 379 2661 quae
392 2578 483 2643 bona
497 2578 554 2643 ulii
566 2578 699 2658 hebent,
716 2599 793 2644 cum
806 2578 936 2644 delectu
950 2577 1181 2663 excerpenda,¹
1199 2581 1244 2653 et,
1255 2576 1293 2638 ut
1386 2618 1390 2624 ·

686 2771 793 2824 NOTAE

219 2887 232 2934 l
250 2883 345 2950 Heyne
356 2884 383 2933 in
395 2883 477 2936 Praef.
489 2885 522 2936 ad
533 2885 627 2951 virgil.
638 2887 668 2936 Τ.
677 2900 721 2937 ιιι.
762 2889 837 2939 ‘tem
858 2889 989 2954 exignum,
1010 2888 1106 2953 spretis
1128 2900 1158 2935 uc
1179 2882 1294 2949 reJ'ect'n,

183 2958 365 3022 ‘Utilissime,'
377 2960 471 3025 inquit,
480 2961 564 3010 ‘band
573 2961 651 3012 dubie
660 2975 722 3026 ope·
760 2966 914 3016 ‘utilissima
924 2972 951 3015 et
960 2964 1058 3028 optima
1073 2977 1183 3028 qnaeqne
1199 2962 1226 3009 in
1242 2974 1294 3009 uno

184 3036 232 3085 ‘ru
244 3051 259 3085 a
270 3036 332 3086 viris
352 3035 435 3086 doctis
453 3044 566 3102 ponetur
578 3039 604 3087 in
614 3038 673 3103 boc,
691 3044 722 3088 nt
760 3042 769 3070 ‘
781 3042 845 3093 libro
855 3041 1040 3106 comprehense
1054 3039 1202 3090 babeamus.
1235 3035 1295 3086 Nisi

183 3112 317 3176 ‘plurium
340 3113 483 3164 editionum
505 3115 585 3179 bona,
606 3129 664 3165 com
684 3114 722 3164 dl·
759 3118 849 3169 ‘enim
870 3118 1002 3168 literarum
1025 3116 1188 3180 antiquorum
1207 3111 1294 3163 studio

184 3190 276 3240 ‘lectu
294 3195 381 3239 temen
398 3190 520 3255 prudenti
542 3198 571 3241 et
591 3190 720 3255 diligenti,
760 3197 769 3223 ‘
782 3195 830 3246 bre
842 3202 888 3245 aut
899 3195 974 3245 simili
986 3194 1038 3243 alie
1048 3194 1148 3243 ratione
1160 3205 1295 3241 succurre·

185 3263 230 3313 ‘iu
242 3279 318 3314 unam
329 3262 476 3329 conserant,
492 3279 575 3332 eaque
592 3266 660 3315 bona
675 3281 720 3316 no·
760 3272 768 3298 ‘
783 3277 892 3336 tur‚qnn
903 3269 1163 3320 resecentnrinutilia
1172 3274 1199 3317 et
1211 3283 1226 3317 a
1238 3281 1295 3316 uos·
1338 3328 1341 3333 Ι

181 3338 239 3389 ‘ris
249 3341 352 3403 opibus,
369 3356 433 3404 ques
451 3343 532 3392 nostrl
544 3342 571 3391 in
582 3343 621 3393 bis
633 3343 719 3393 literis
759 3349 768 3377 ‘
781 3349 816 3398 tri
828 3348 916 3398 seculi
927 3348 999 3397 cultu
1011 3361 1041 3397 rc
1053 3346 1129 3411 genio
1139 3344 1234 3405 aliena,
1251 3341 1296 3392 ad·

122 3426 125 3435 ’
182 3416 348 3481 ‘profectum
373 3425 470 3468 nostrre
493 3420 580 3469 etatis
606 3421 719 3471 rationes
758 3424 767 3452 ‘
776 3423 1053 3487 jicienturentemee‚
1070 3421 1295 3487 quaebuiclitera-

184 3495 337 3559 ‘postulare
357 3492 429 3545 forte
452 3495 584 3560 ridentur,
605 3497 720 3561 locuple·
760 3503 838 3551 ‘rum
857 3501 920 3563 luci,
940 3500 1000 3549 hnic
1020 3499 1135 3564 poetices
1154 3503 1182 3547 et
1200 3496 1295 3546 artium

184 3570 274 3631 ‘tent,
296 3570 389 3635 quibus
414 3571 508 3622 iterum
531 3572 575 3621 olii
595 3573 720 3638 singulus,
760 3574 1296 3643 ‘expolitioni,acnminiphilosopbiaeme·

181 3647 265 3712 ‘quas
276 3646 397 3698 conferre
415 3663 442 3698 se
459 3663 535 3712 posse
557 3657 659 3714 putent,
677 3665 721 3701 ac·
760 3656 849 3705 ‘limis
860 3661 889 3703 et
898 3654 1014 3703 historia
1032 3652 1151 3702 subtilius
1163 3657 1294 3712 tractate,

183 3724 334 3774 ‘cessiones
351 3722 491 3788 adjicient:
512 3730 549 3788 ut,
565 3726 592 3774 in
609 3727 720 3777 moleste
760 3732 902 3782 ‘varietati
913 3738 941 3781 et
950 3730 1033 3794 copim
1044 3729 1179 3791 doctrinm,
1187 3743 1295 3779 consen·

182 3799 192 3829 ‘
204 3800 251 3850 bec
263 3800 423 3851 diversarum
434 3800 586 3867 editionum,
597 3817 656 3868 quse
668 3804 718 3853 sin-
759 3811 768 3840 ‘
779 3817 856 3867 tanea
878 3807 948 3867 sint3
975 3806 1025 3855 nisi
1047 3806 1194 3856 minuentur
1216 3818 1295 3868 porro

180 3878 271 3942 ‘gnlae
294 3879 454 3942 aliquantum
474 3879 550 3930 bone
571 3879 653 3945 frugis
676 3881 720 3931 bu·
759 3886 879 3936 ‘sumtus
898 3885 925 3933 in
947 3889 987 3934 tot
1005 3882 1144 3945 editiones,
1160 3896 1224 3946 quas
1244 3881 1295 3930 nisi

181 3956 274 4021 ‘bent,
293 3956 370 4021 copia
392 3958 560 4021 pervenietur
579 3958 719 4024 aliquando
759 3961 867 4011 ‘omnes
884 3959 918 4010 ad
933 3973 1037 4008 manum
1053 3956 1184 4016 habueris,
1200 3968 1293 4018 repere

180 4033 244 4094 leo,
260 4037 291 4082 nt
306 4032 344 4096 iis,
364 4047 422 4097 quae
443 4039 504 4084 eote
522 4035 568 4085 bos
591 4034 718 4086 ducentos
758 4036 831 4085 ‘nen
853 4036 926 4097 licet,
947 4034 1026 4099 inque
1051 4039 1151 4084 tentum
1169 4030 1294 4081 librorum

180 4106 243 4157 ‘rel
261 4115 385 4158 centenos
405 4123 485 4159 annor
503 4124 578 4161 nsum
596 4110 665 4162 forte
677 4112 720 4161 bu·
759 4113 768 4142 ‘
780 4113 941 4164 auxiliarium
952 4117 1106 4176 apparatum
1116 4107 1244 4170 faciendi3
1255 4122 1294 4158 re·

180 4182 262 4233 ‘berc
280 4190 403 4247 poterent
420 4187 542 4252 aliquem,
553 4203 621 4239 nunc
632 4196 720 4241 eutem
760 4193 906 4240 ‘vocentur
930 4203 993 4238 vero
1020 4187 1133 4237 virorum
1158 4184 1292 4236 doctorum

180 4256 248 4312 ‘eut
266 4263 370 4314 omuino
384 4264 482 4317 hebent
496 4267 605 4335 nullum,
615 4273 661 4320 ant
672 4269 722 4319 ml·
760 4267 872 4318 ‘studia
882 4265 915 4317 ed
924 4271 1022 4316 certum
1031 4276 1061 4315 uc
1070 4260 1204 4315 definitum
1214 4260 1292 4312 tinem
