3059 4925
233 353 257 419 6
684 367 891 421 eumenem.

234 530 361 590 nentur.
415 519 471 587 Ad
495 521 658 606 ejusmodi
680 521 858 586 editionem
886 520 1142 587 curandamme
1166 521 1336 608 aspirasse

233 627 324 694 haud
346 624 528 690 dissimile:
558 624 616 687 sed
639 642 739 707 quam
763 643 882 707 parum
909 624 952 687 ad
975 625 1076 688 talem
1099 631 1253 691 conatum
1276 628 1338 693 rite

234 729 470 818 perficiendum
492 729 581 793 vires
604 746 689 792 meae
710 726 888 804 sufficiant,
907 747 961 792 me
983 730 1090 810 magis
1108 730 1144 793 iu
1168 730 1241 794 dies
1264 750 1337 795 seu·

235 835 331 913 sisse,
345 853 412 898 non
425 831 505 897 ficta
519 832 661 916 quadam
676 830 849 908 modestia,
865 831 924 917 sed
939 851 984 894 ex
998 833 1108 896 auimo
1123 832 1292 915 profiteor.

279 937 435 1002 Omnium
462 956 553 1015 vero,
583 955 668 1019 qnos
698 955 843 1018 unquam
878 934 1030 1013 exhausi,
1059 935 1212 1000 laborum
1240 937 1337 1020 longe

230 1040 456 1107 molestissimi
469 1039 560 1103 fuere
583 1039 705 1122 partim
718 1039 819 1103 lectio
833 1038 1151 1116 commentariorum,
1175 1040 1234 1124 qui
1255 1046 1337 1105 tem·

231 1145 325 1230 poris
343 1144 508 1228 jacturam
522 1142 631 1207 fructu
652 1141 727 1205 inde
749 1147 909 1225 percepto
932 1142 1121 1225 neutiquam
1144 1162 1337 1226 compensa·

230 1248 325 1327 bant,
345 1253 378 1311 et
391 1235 649 1310 in'Henniniana
662 1246 807 1310 editione
829 1244 873 1309 ad
896 1244 1048 1327 quemvis
1070 1262 1201 1308 versum
1224 1246 1337 1326 singu·

230 1348 325 1414 latim
338 1353 430 1413 erant
443 1347 629 1423 evolvendi,
651 1349 772 1430 partim
796 1347 930 1411 collatio
944 1352 994 1411 tot
1016 1346 1172 1410 codicum
1186 1353 1219 1411 et
1232 1349 1337 1431 scrip-

230 1454 337 1515 torum
352 1457 385 1515 et
398 1450 572 1529 editorum,
593 1469 734 1534 quorum
748 1449 852 1513 multo
865 1450 1049 1513 maximam
1070 1453 1195 1532 partem
1217 1451 1290 1533 ipse
1314 1469 1337 1515 a

229 1553 394 1636 principio
408 1551 451 1615 ad
466 1551 565 1616 finem
587 1553 794 1635 comparavi,
818 1571 894 1614 cum
909 1549 1057 1614 nondum
1072 1569 1093 1613 a
1108 1569 1276 1633 quoquam
1298 1551 1336 1615 id

226 1655 354 1720 factrrm
381 1654 550 1734 vidissem,
572 1655 694 1739 partim
714 1652 862 1740 denique
888 1652 1050 1718 confectio
1075 1652 1204 1716 Indicis
1228 1673 1336 1718 rerum

229 1759 469 1842 verborumque
482 1758 648 1822 uberrimi.

202 1867 206 1872 ’
272 1859 338 1924 Tot
351 1866 527 1946 tantasque
541 1860 750 1926 difficultates
769 1862 800 1927 si
822 1861 898 1946 quis
921 1860 1133 1946 reputaverit,
1153 1879 1216 1924 non
1236 1860 1335 1924 mira·

228 1963 314 2028 bitur
336 1964 498 2047 profecto,
521 1964 666 2028 nondum
688 1963 793 2027 fuisse
816 1983 1015 2048 quenquam,
1040 1961 1098 2046 qui
1122 1967 1248 2026 tantum
1270 1963 1336 2027 sibi

232 2066 354 2144 oneris,
386 2071 545 2153 quantum
572 2086 636 2149 ego
663 2068 857 2150 receperim,
887 2066 1015 2150 imponi
1038 2071 1213 2150 pateretur,
1239 2071 1272 2129 et
1299 2066 1336 2132 in

228 2167 347 2233 codem
374 2175 561 2235 constanter
581 2176 832 2253 'perseverarem
862 2171 1058 2253 multosque,
1083 2189 1166 2254 quos
1192 2169 1277 2234 infra
1301 2170 1336 2233 in

229 2270 303 2335 Ind.
319 2270 422 2336 Editt.
438 2277 524 2337 extr.
537 2272 695 2351 laudabo,
719 2273 895 2337 aconsilio
918 2273 1035 2337 edendi
1057 2272 1243 2349 Juvenalis,
1261 2273 1336 2358 ja'm

227 2372 284 2437 diu
308 2379 416 2439 mente
442 2376 578 2457 agitato,
605 2373 785 2441 destitisse.
839 2375 960 2461 Neque
986 2396 1049 2459 ego
1077 2376 1185 2453 telam,
1212 2375 1334 2440 centies

226 2476 436 2561 impatientia
462 2479 648 2563 abruptam,
679 2479 913 2566 qualicumque
941 2480 1070 2544 ratione
1083 2480 1333 2558 detenuissem,

225 2579 291 2643 nisi
306 2584 375 2644 tum
389 2580 586 2646 verecundia
601 2581 798 2660 obstitisset,
821 2601 889 2666 quo
902 2582 1010 2645 minus
1028 2580 1127 2644 fidem
1149 2585 1198 2645 tot
1219 2581 1335 2647 tantis·

227 2700 291 2766 que
306 2682 388 2746 viris
411 2682 524 2747 datam
538 2684 694 2763 fallerem,
718 2704 863 2769 opesque
879 2686 921 2749 ab
935 2684 1002 2748 illis
1016 2683 1140 2749 frustra
1159 2684 1239 2748 mihi
1253 2704 1334 2768 sup·

227 2782 408 2865 peditatus,
422 2786 572 2871 nullique
596 2786 695 2869 plane
716 2788 796 2851 usui
820 2786 932 2871 poetae
946 2786 1059 2872 ⁸fuisse
1082 2787 1242 2868 sinerem3
1263 2792 1334 2852 tum

226 2884 302 2968 ipsa
323 2887 530 2969 gravitas‘ac
543 2889 721 2954 multitudo
735 2909 859 2969 eorum,
884 2911 961 2974 quae
985 2889 1162 2954 conatibus
1184 2889 1249 2953 mei
1272 2889 1352 2953 im·¹

224 2988 414 3070 pedimento
442 2990 594 3069 fuissent,
624 2995 746 3056 certam
779 2993 861 3058 mihi
892 2991 1143 3076 jucundamque
1177 2991 1335 3057 iecissent

225 3105 321 3171 spem
349 3093 456 3157 veniae
487 3092 629 3175 alicujus
659 3112 700 3158 ac
728 3092 938 3177 indulgentiae
966 3094 1110 3159 virorum
1137 3093 1333 3177 doctorum;

225 3191 347 3274 quibus
366 3194 502 3258 meliora
524 3198 558 3256 et
576 3212 665 3260 nunc
687 3195 773 3261 sorte
796 3196 975 3275 dedissem,
996 3200 1030 3261 et
1053 3197 1133 3260 olim
1153 3197 1278 3274 darem,
1302 3199 1333 3262 si

225 3292 428 3376 contingeret
439 3293 521 3359 mihi
536 3313 611 3360 esse
632 3301 701 3362 tam
715 3296 818 3377 felici,
839 3304 965 3365 utnon
979 3318 1079 3364 usum
1091 3299 1190 3363 modo
1212 3299 1333 3364 biblio-

224 3393 403 3476 thecatum,
427 3396 470 3461 ad
493 3417 580 3481 quas
601 3399 656 3478 iis,
681 3401 743 3485 qui
768 3401 977 3467 scholasticis
996 3402 1171 3485 frmguntur
1192 3403 1334 3467 muneri·

223 3494 299 3574 bus,
329 3497 439 3563 aditus
466 3499 661 3587 plerumque
689 3523 754 3568 non
784 3510 890 3588 patet,
920 3504 980 3568 sed
1008 3504 1085 3588 plus
1114 3523 1246 3587 queque
1272 3503 1333 3567 otii

219 3596 396 3664 haberem:
420 3621 558 3684 quarum
579 3625 684 3671 rerum
702 3606 951 3691 jucundissima
970 3625 1048 3689 spes
1071 3606 1245 3690 praesentis
1267 3604 1332 3673 fer·

222 3703 310 3763 tunae
328 3702 485 3768 solatium
500 3711 562 3770 cst.

266 3798 355 3871 Haec
377 3823 489 3886 pauca
510 3826 577 3872 non
595 3828 695 3874 unam
715 3811 759 3874 ob
783 3828 920 3875 causam
943 3810 1182 3896 praemonenda
1201 3809 1328 3888 censui,

221 3902 416 3987 priusquam
426 3904 526 3992 hujus
542 3909 697 3976 editionis
712 3912 856 3977 indolem
870 3917 903 3977 et
918 3915 1094 3979 consilium
1114 3913 1330 3991 declararem,

220 4004 310 4088 quod
339 4024 425 4072 nunc
455 4010 598 4077 breviter
626 4015 820 4099 expediam.
875 4015 960 4081 Cum
985 4035 1065 4081 vero
1090 4016 1207 4080 eadem
1231 4033 1331 4100 paene

219 4123 300 4169 usus
321 4107 384 4173 sim
405 4111 544 4190 ratione,
569 4133 671 4196 quam
696 4116 732 4178 in
758 4116 843 4182 Silio
867 4116 995 4182 edendo
1019 4117 1219 4202 sequendam
1242 4116 1329 4180 dux-

219 4206 318 4291 erim3
343 4213 477 4278 easdem
499 4235 631 4299 quoque
653 4237 706 4282 res
726 4218 844 4284 iisdem
869 4220 1062 4304 plerumque
1083 4219 1193 4285 verbis
1219 4237 1324 4302 expo·
