3059 4925
245 338 313 405 106
527 352 576 401 nn
598 349 680 402 ssr.
704 349 863 412 nectum,
887 309 1067 416 nonnum,

243 497 401 583 maiorem
414 497 481 562 sihi
497 498 736 582 justioremque
751 497 837 563 alios
859 499 1016 582 carpendi
1036 499 1223 564 libertatem
1236 494 1345 562 vindi·

245 606 309 678 cet,
324 599 389 664 sibi
403 601 477 683 ipse
490 619 558 664 non
568 602 689 683 parcit,
703 621 765 665 neo
779 602 905 679 melior,
921 621 1020 685 quam
1032 607 1095 678 est,
1104 600 1210 666 videri
1224 596 1344 682 cupit.⁶

243 702 426 769 s—Persius
441 723 563 767 errores
582 703 626 767 ad
645 703 832 769 Stoicorum
846 706 982 788 placita,
1000 705 1145 788 vitiaque
1160 702 1204 767 ad
1225 702 1343 785 rigidae

243 806 374 871 virtutis
396 807 526 889 regulas
539 807 653 887 exigit,
678 816 712 869 et
725 806 779 870 vel
796 806 984 890 juveniliter
1007 826 1048 871 ac
1072 823 1226 889 generose
1240 804 1345 882 ardet,

243 907 299 973 vel
320 927 450 972 morose
472 914 576 971 atram
598 907 700 971 bilem
724 907 1088 974 effundit-duremus
1109 912 1180 974 sive
1203 908 1346 990 graviter

244 1012 399 1094 praecipit
412 1012 563 1099 virtutem
576 1014 608 1072 et
622 1010 726 1074 severi
746 1011 918 1075 monitoris
931 1017 1042 1093 pmtes
1056 1011 1134 1093 agit,
1149 1012 1233 1087 sive,
1249 1011 1300 1073 ira
1312 1012 1347 1073 et

242 1112 466 1197 indignatione
479 1112 712 1188 inflammatus
732 1112 768 1175 in
781 1113 858 1197 ipsa
870 1112 1062 1198 plerumque
1074 1114 1158 1178 vitia
1171 1112 1346 1191 invehitur,

243 1216 297 1292 vel
316 1217 447 1279 scutica
469 1212 614 1290 caedens,
638 1213 691 1278 vel
714 1213 832 1278 tollens
854 1216 1073 1279 cachinnum.⁷
1115 1213 1347 1280 Acrimoniam

243 1337 323 1383 vero
337 1317 584 1381 Archilochiam
598 1335 690 1400 saepe
703 1321 864 1400 temperat
876 1318 958 1395 risu,
982 1324 1016 1382 et
1036 1319 1229 1401 gradtatem
1243 1318 1347 1386 comi·

244 1426 313 1510 tate
328 1420 450 1499 condit,
486 1418 590 1483 Virus
602 1438 735 1502 quoqne
750 1419 940 1483 acerbitatis
953 1420 988 1483 in
1002 1421 1348 1504 primis-potissimum

245 1523 356 1587 sabris
370 1523 512 1601 evomit3
534 1523 569 1585 in
588 1523 643 1599 iis,
667 1541 744 1605 qnae
760 1522 823 1587 viri
838 1528 936 1589 aetate
949 1526 1168 1608 provectioris
1190 1525 1348 1589 maturio·

245 1624 355 1707 risqne
368 1624 492 1705 ingenii
506 1624 607 1689 foetus
619 1625 724 1690 videri
737 1631 889 1710 possunt,
910 1628 969 1691 irae
988 1633 1090 1692 aestus
1103 1628 1171 1692 fere
1184 1626 1349 1692 deferbuit

245 1731 280 1791 et
296 1726 409 1810 frigori
423 1727 523 1791 cessit
536 1726 814 1795 declamationis:
836 1731 871 1794 in
894 1730 947 1794 his
972 1729 1074 1796 etiam
1088 1733 1195 1795 rarius
1215 1730 1351 1813 singuli,

245 1836 279 1895 et
290 1831 387 1897 dente
409 1831 517 1895 minus
539 1832 703 1898 maledico
717 1839 881 1918 acutoque
900 1839 1088 1918 carpuntur,
1109 1835 1194 1899 utin
1208 1832 1348 1899 Horatii

246 1931 409 2018 epistolis.

289 2037 425 2102 Persius
439 2042 608 2122 praecepta
627 2058 668 2104 ac
687 2038 754 2105 tela
774 2043 901 2104 tantmn
920 2057 987 2104 nou
1011 2039 1125 2104 omnia
1146 2058 1190 2103 ex
1218 2038 1350 2122 porticu

242 2142 329 2225 petit
358 2144 391 2204 et
420 2142 555 2207 schola:
594 2142 753 2207 Horatius
781 2148 815 2207 et
853 2141 1028 2207 Juvenalis
1059 2161 1104 2206 ex
1134 2140 1349 2224 philosophia

245 2261 324 2307 vere
345 2249 379 2307 et
402 2246 567 2328 populari,
591 2264 668 2329 quae
692 2264 737 2309 ex
758 2243 865 2309 multa
888 2264 996 2308 rerum
1019 2243 1228 2328 experientia
1248 2249 1350 2326 atque

244 2342 398 2408 interiore
419 2347 548 2429 generis
570 2346 755 2431 ingeniique
778 2348 912 2411 humani
935 2347 1122 2430 cognitione
1142 2346 1263 2411 hausta
1285 2348 1350 2424 est,

246 2451 280 2512 et
293 2447 337 2512 ad
359 2453 558 2531 praesentem
571 2449 625 2514 vel
639 2450 742 2514 animi
756 2469 902 2529 sensum,
916 2450 971 2516 rel
990 2470 1100 2514 rerum
1115 2448 1349 2527 conditionem,

247 2549 301 2615 rel
326 2550 468 2615 indolem
492 2553 672 2634 argumenti
694 2571 730 2617 se
750 2559 784 2618 et
801 2552 934 2638 judicia
958 2573 1021 2618 sua
1048 2552 1228 2635 componit.
1284 2551 1349 2615 Ele

246 2670 339 2716 caeco
365 2652 445 2717 vitae
474 2673 515 2718 ac
546 2653 734 2738 disciplinae
775 2653 963 2718 Stoicorum
989 2673 1102 2718 amore
1129 2657 1250 2742 captus
1282 2670 1350 2716 non

245 2751 348 2831 videt,
371 2752 453 2838 quid
474 2756 510 2817 in
530 2753 593 2819 bae
617 2754 672 2819 vel
693 2755 753 2820 illa
777 2756 952 2840 displicere
970 2756 1096 2840 possit:
1124 2755 1178 2819 his
1201 2753 1351 2838 philoso·
1429 2810 1435 2823 .

246 2854 397 2938 phorum,
425 2856 597 2939 praecipue
627 2856 813 2922 Stoicorum
849 2855 1125 2942 Cynicorumque,
1147 2876 1270 2935 mosee,
1291 2857 1350 2923 ha-

246 2957 346 3035 bitus,
376 2959 564 3041 paradoxa,
589 2960 740 3042 argutiae,
765 2959 965 3041 arrogantia,
989 2958 1197 3023 dissimilatio
1217 2960 1349 3043 aliaque

245 3058 332 3123 vitia
344 3061 472 3142 largam
484 3059 612 3125 ridendi
623 3061 853 3145 irascendique
865 3061 1039 3126 materiam
1052 3059 1228 3145 praebent.8
1251 3060 1349 3125 Illius

247 3161 481 3242 argumentatio
495 3165 545 3224 est
567 3162 699 3227 subtilis
716 3168 750 3227 et
764 3168 875 3240 acuta,
897 3182 959 3228 nec
982 3163 1049 3229 alte
1073 3164 1109 3227 in
1129 3164 1274 3227 animum
1290 3163 1353 3229 de·

248 3261 418 3340 scendens,
440 3260 557 3331 horum
576 3262 730 3346 simplex,
753 3265 798 3329 ad
809 3265 1073 3351 uniuscujusque
1087 3270 1223 3350 captum
1236 3286 1349 3332 usum-

746 3417 854 3467 Norat

279 3529 296 3575 d
311 3525 345 3575 V.
356 3525 477 3577 Wieland
488 3526 522 3576 ad
536 3526 628 3579 lieret.
644 3529 698 3579 Sat.
710 3543 742 3579 11.
754 3535 779 3581 3.
819 3529 982 3595 turpitudine
992 3530 1182 3595 orta,instigat,
1190 3531 1254 3581 nihil
1262 3536 1351 3596 potest

249 3607 276 3651 et
287 3605 312 3651 7.
819 3621 943 3671 suspenso
954 3605 1058 3671 brechio
1068 3613 1168 3670 notare,
1185 3608 1248 3657 nihil
1264 3607 1350 3677 facete

268 3677 296 3726 ’7
313 3677 395 3727 ‘Cum
407 3677 657 3730 interceshomines
668 3681 778 3746 viveret,
817 3683 942 3746 illudere3
960 3684 986 3732 in
1005 3699 1129 3734 summum
1146 3685 1269 3735 iuvidiam
1288 3698 1351 3735 con-

248 3767 357 3818 quornm
375 3753 453 3803 animi
470 3754 590 3804 uitiorum
609 3756 778 3808 diuturnitate
818 3767 861 3810 tra
880 3761 996 3824 adducit,
1016 3777 1073 3826 qua
1091 3761 1262 3826 vituperanda
1281 3768 1351 3823 sunt,

249 3828 403 3893 eallumjam
415 3830 553 3893 duxerant,
565 3830 719 3896 ingeniaque
736 3834 780 3883 ob
818 3841 846 3885 et
866 3836 931 3884 risus
952 3835 1027 3886 lenis·
1040 3843 1068 3885 et
1084 3836 1225 3901 jucundus,
1243 3852 1295 3902 quo
1315 3836 1349 3886 ab

248 3912 308 3955 tusa
315 3904 511 3955 erantlnxurin:
522 3905 669 3957 urbanitate
678 3907 780 3958 etface·
819 3911 896 3962 animi
914 3912 1077 3975 permotione
1095 3912 1162 3962 liber
1174 3922 1236 3962 usus
1250 3912 1354 3973 fuisset,
1376 3908 1379 3913 ⁴

247 3981 365 4048 dinque
373 3983 512 4033 Horatium
523 3984 732 4046 nobilitaverunt,
738 3986 779 4051 jo·
818 3987 922 4037 aunem
933 3988 1085 4038 cschlnnum
1096 3987 1169 4038 abit?
1198 3988 1350 4055 Koenigll.

248 4058 338 4123 cisque
351 4057 485 4109 subtilibus
494 4065 522 4109 et
531 4060 613 4109 acutis
623 4060 667 4110 vix
675 4069 779 4126 poterat
818 4079 845 4127 p.
856 4070 897 4116 87.

250 4137 299 4187 uti.
331 4136 453 4199 Accedit,
463 4137 534 4203 qnod
554 4138 586 4201 is,
602 4154 679 4204 quern
696 4141 779 4206 indig·
851 4145 917 4193 SV.
935 4143 1029 4195 Juveu.
1043 4142 1097 4193 Set.
1111 4156 1144 4193 rr.
1174 4141 1296 4193 Wielsnd
1314 4142 1348 4192 ed

249 4213 329 4276 uado,
348 4227 382 4262 ex
401 4213 552 4278 sceleribus,
564 4214 780 4284 improbitatem
820 4217 887 4269 lior.
895 4218 950 4268 Set.
961 4221 1015 4272 nr.
1024 4222 1052 4269 et
1059 4219 1152 4269 Mauso
1159 4217 1177 4269 l.
1185 4217 1204 4268 l.
1212 4220 1302 4283 pleb.
1309 4218 1350 4285 sq.
