3059 4925
620 367 844 419 ruvrusms.
1237 349 1281 422 'ti

175 520 229 586 nb·
245 535 286 583 eo
306 515 450 582 nondum
471 513 571 593 editu,
595 518 634 578 nt
658 525 700 578 uo
729 510 864 598 quidem
888 510 1080 581 Amicorum
1107 509 1283 582 auditoriis

175 620 344 687 recitanda
357 618 546 683 crederetur.
575 615 650 681 ⁴Sic
664 618 751 682 euim
774 617 942 703 subjungit
955 616 1097 685 Auctor:
1122 615 1167 683 Et
1180 628 1283 683 tameo

178 721 234 786 sliu
258 741 297 787 ne
315 719 447 785 modico·
466 717 589 806 quidem
626 717 797 785 Auditorio
834 718 1000 806 quicquam
1030 720 1216 786 committere
1242 721 1285 785 ert

179 844 283 889 ausus.
341 825 383 888 Id
405 822 496 908 quod
518 824 619 887 etium
643 823 757 907 primis
780 822 887 906 prima
919 819 1032 886 Satira
1053 824 1164 888 verbis
1200 825 1285 889 satis

179 932 289 1010 aperte
314 924 481 1009 significat
498 926 572 1008 ipse
593 922 780 991 luvenalis.
825 924 900 989 Nec
923 926 1010 1014 enim
1037 926 1104 991 alio
1132 928 1284 1011 spectare

177 1028 331 1091 ridentur
363 1028 433 1104 illo,
455 1028 489 1089 iu
516 1025 637 1109 quibus
665 1028 821 1110 queritur,
844 1027 969 1093 tamdiu
988 1045 1025 1093 se
1058 1028 1162 1094 fuisse
1194 1027 1285 1093 Poi-

177 1134 285 1193 tarum
298 1129 502 1193 recitantium
517 1125 700 1205 auditorem,
723 1147 855 1212 semper
876 1127 1021 1194 clamasse
1038 1128 1203 1194 Frontonis
1211 1126 1286 1216 pio·

180 1236 336 1310 insonet
350 1228 496 1294 conredo
512 1249 680 1308 memoro,
703 1241 870 1317 ruptaeque
893 1231 1014 1297 osaduo
1040 1232 1149 1298 lectore
1170 1231 1285 1298 colam·

179 1339 258 1398 nusi
280 1333 442 1417 cumipse
455 1333 586 1397 scilicet
599 1332 743 1397 noudum
768 1334 802 1398 iu
826 1353 868 1399 eo
882 1337 1000 1421 scripti
1013 1357 1129 1421 genere
1144 1327 1284 1403 aliorum

178 1436 370 1519 patientiam
386 1435 603 1499 exercuisset.
646 1434 731 1498 Tum
756 1436 852 1518 louge
876 1438 1011 1505 oberunt
1032 1440 1091 1503 illa
1113 1459 1135 1502 a
1156 1435 1287 1502 Paridis

178 1539 233 1603 ira
245 1536 457 1615 coronanda,
473 1537 501 1601 si
515 1535 570 1601 rel
584 1536 763 1619 superstite
774 1536 897 1601 Paride
907 1538 1044 1604 fuissent
1057 1541 1196 1625 scripta,
1210 1557 1285 1604 eum

57 1669 60 1673 ·
177 1640 307 1704 nritare
320 1657 386 1704 non
399 1645 546 1721 possent,
567 1657 644 1702 cum
663 1639 810 1703 nondum
828 1650 1034 1706 emanassent
1056 1642 1090 1705 iu
1113 1639 1284 1724 patticam.

178 1741 256 1806 Nec
270 1747 383 1806 tamen
395 1742 574 1805 verisimile
592 1746 645 1805 est
668 1739 865 1807 unicordem
884 1741 1016 1807 Paridis
1030 1745 1083 1810 vel
1100 1745 1191 1810 illam
1205 1765 1285 1827 puu-
1385 1785 1389 1796 -

180 1865 284 1908 corum
299 1861 439 1907 crurum
456 1840 598 1906 Satiram
613 1846 790 1930 scripsisse
803 1844 1010 1912 iuvenalem.
1048 1846 1154 1925 Nihil,
1169 1839 1286 1924 fauor,

178 1948 220 2011 de
234 1947 426 2031 scriptionis
440 1955 573 2030 tempore
587 1952 780 2013 accuratum
793 1948 936 2027 tradidit,
958 1969 1057 2033 quem
1077 1951 1211 2014 unicum
1227 1950 1286 2013 ha-

177 2051 298 2114 bemus
322 2048 365 2112 do
389 2047 442 2112 his
465 2049 565 2113 rebus
586 2054 712 2128 testem,
735 2052 815 2115 vitae
840 2048 968 2115 Auctor
990 2049 1198 2135 Anonymus.
1243 2048 1286 2115 Id

178 2171 279 2220 unum
294 2150 432 2227 iudicet,
451 2160 521 2234 port
536 2148 668 2214 medium
683 2161 802 2215 orarem
827 2151 870 2215 ad
892 2151 952 2216 ille
965 2150 1162 2217 iuvenalem
1177 2151 1288 2217 studia

179 2254 370 2319 deflexisse.
415 2251 483 2317 Sed
496 2253 576 2318 nihil
590 2253 690 2338 plene
714 2252 755 2316 de
778 2252 899 2319 studiis
922 2254 993 2339 ejus
1017 2253 1159 2338 poiticis
1174 2252 1284 2319 Poiita

180 2355 359 2422 nnuma.
372 2354 455 2440 (Ep.
470 2371 539 2420 vn.
551 2352 625 2438 24.)
647 2352 684 2418 Is
698 2359 809 2419 temen
819 2373 856 2419 se
867 2355 916 2420 ita
925 2355 1081 2419 iuvenali
1091 2354 1290 2420 familiarem·

179 2457 287 2524 fuisse
300 2458 468 2542 gloriatur,
490 2463 608 2522 utnon
620 2456 730 2540 magis
745 2455 868 2541 Pyladi
883 2458 1012 2523 amicus
1024 2457 1123 2524 fuerit
1142 2454 1288 2535 Orestes,

182 2569 242 2627 aut
253 2562 403 2626 Theseus
418 2561 580 2638 Pirithoo,
602 2579 645 2624 ne
670 2558 726 2624 rel
748 2578 871 2626 arcana
883 2557 1060 2624 iuvenalis
1073 2559 1184 2625 studio
1198 2557 1289 2624 Mar·

181 2665 293 2730 tiulem
319 2665 458 2729 latuisse
487 2664 706 2745 suspicemur.
750 2661 825 2727 Imo
858 2681 880 2726 e
906 2663 1045 2727 mortuis
1069 2662 1125 2726 ille
1145 2660 1235 2746 (Sat.
1262 2672 1290 2725 1.

182 2764 288 2850 extr.)
300 2765 474 2851 prudenter
488 2762 718 2830 abstinendum
732 2784 807 2828 esse
822 2772 945 2830 censet.
990 2763 1134 2831 Tantum
1145 2764 1239 2828 abest
1252 2770 1289 2829 ut

181 2870 286 2932 viuum
296 2865 449 2931 >Paridem
461 2869 515 2933 vel
528 2868 565 2932 in
576 2867 683 2952 prime
696 2866 757 2932 illa
770 2866 880 2931 Satira
893 2868 1065 2931 laceraret.
1108 2865 1287 2932 saniorum

180 2988 259 3054 ergo
277 2970 462 3036 Auctorum
475 2970 542 3035 istu
555 2973 630 3034 sunt
650 2967 878 3033 tantummodo
893 2965 1072 3042 ratiocinio,
1093 2983 1159 3028 nou
1176 2972 1287 3031 autem

179 3078 358 3140 ereterum
369 3074 640 3138 monimentorum
662 3089 781 3135 coaera
803 3068 869 3133 tide
893 3066 1066 3152 depromta
1088 3067 1287 3133 testimonia.

183 3174 271 3241 Cum
286 3195 364 3241 vero
385 3190 481 3260 genus
495 3173 656 3258 scripture
676 3169 860 3237 industriose
886 3170 1045 3248 excoleret,
1066 3175 1142 3261 tum.
1160 3173 1193 3233 et
1209 3166 1290 3245 reli·¹

184 3296 278 3364 quum
294 3274 473 3341 Satirarum
488 3297 596 3361 corpur
611 3276 758 3361 scripsit,
782 3278 882 3359 inque
906 3276 1009 3352 illam,
1031 3293 1132 3358 quam
1153 3272 1291 3336 retinent

182 3380 362 3464 hodieque,
384 3379 524 3444 &rmum
538 3378 674 3461 redegit,
697 3386 732 3444 et
745 3398 781 3442 ru
797 3394 926 3462 quoquc,
949 3396 1015 3461 que
1034 3373 1138 3459 prima
1151 3370 1291 3458 fecerat,

184 3481 274 3546 nouis
296 3480 420 3566 scriptis
443 3479 613 3567 insarcivit.
657 3480 744 3545 Sunt
759 3480 847 3543 enim
871 3478 930 3542 illa
949 3476 1106 3541 Auctoris
1121 3473 1291 3560 Anonymi

183 3585 300 3650 verbu:
322 3581 416 3646 -Mou
438 3604 552 3670 mugra
566 3579 752 3666 frequentia
769 3600 939 3665 magnoque
953 3597 1087 3641 successu
1112 3573 1158 3639 bis
1182 3596 1219 3640 oc
1244 3585 1292 3640 ter

183 3686 308 3750 uadum
323 3697 378 3764 ert,
400 3696 435 3749 ut
449 3706 486 3750 eu
500 3704 629 3771 quoque,
652 3704 718 3769 que
733 3682 835 3768 prima
851 3678 988 3765 fecerat,
1017 3677 1177 3762 inferciat
1204 3678 1292 3743 uoce

182 3787 316 3875 scriptis.
362 3788 542 3866 Recitavit,
557 3788 591 3850 ni
604 3785 711 3865 folior,
727 3786 851 3862 omniu,
872 3783 1046 3866 emisitque
1061 3783 1095 3845 iu
1108 3781 1293 3866 publicum,

184 3910 270 3959 amo
286 3909 421 3957 oxrrrr.
435 3895 614 3975 postquam
629 3887 773 3952 Romam
796 3886 940 3951 venisset
960 3882 1168 3960 Hadrianus,
1193 3896 1291 3965 quem

180 3996 234 4060 iiie
245 3995 442 4078 Principem
457 4012 479 4057 a
490 3991 649 4057 benevolo
665 3991 739 4074 ejus
761 3992 797 4054 iu
819 3989 893 4054 haec
914 3986 1024 4051 studia
1043 3984 1154 4048 auimo
1170 3984 1205 4046 in
1218 3983 1283 4046 hac

185 4099 262 4180 ipsa
274 4097 391 4169 Sotira
401 4098 484 4174 (vn.
500 4094 543 4172 l.)
567 4096 602 4159 in
623 4113 694 4177 qua
707 4095 882 4158 occurrunt
895 4090 999 4156 verba
1011 4088 1072 4151 illu
1087 4087 1133 4150 de
1156 4083 1290 4161 Paride,

186 4196 404 4269 enumerent.
425 4248 429 4255 .
448 4197 545 4276 Inde,
560 4197 598 4261 ni
610 4194 717 4274 failor,
740 4195 869 4259 animos
884 4190 1003 4257 sumsit
1026 4190 1153 4273 scripte
1175 4204 1237 4252 sua
1255 4188 1291 4253 iu
