3059 4925
496 1009 948 1102 SERENISSIMO

306 1331 1137 1472 DELPHINO

455 1736 733 1807 LUDOVIGUS
757 1736 991 1806 PRATEUS.

633 2029 812 2051 ”numen

171 2205 271 2294 Nnc
287 2226 448 2294 Satiricos
462 2228 630 2295 evolvisse
652 2230 768 2315 pigeat
791 2229 853 2308 Te,
880 2228 1137 2295 Snanmsstnn
1161 2228 1278 2296 Pluu-

172 2346 272 2395 uncs.
317 2330 395 2411 Quo
410 2332 568 2416 amplius,
583 2336 654 2397 tum
677 2331 873 2397 domesticis
896 2332 1061 2416 exemplis
1079 2336 1149 2396 tum
1168 2332 1278 2398 indole

171 2432 323 2516 propria,
334 2431 378 2497 ad
387 2452 483 2499 omne
498 2435 623 2499 bonum
636 2434 810 2500 institutus
826 2454 882 2517 es;
903 2435 967 2500 hoc
982 2435 1088 2518 magis
1097 2433 1279 2500 delectabit
1407 2474 1415 2483 -

172 2533 402 2601 Romanorum
417 2538 509 2615 vitia,
528 2557 604 2623 quae
620 2542 653 2601 ct
667 2542 782 2601 nostra
798 2543 886 2615 sunt,
901 2537 1013 2601 videre
1037 2538 1162 2621 passim
1188 2537 1279 2601 dam·

171 2648 271 2720 nata3
304 2639 459 2704 virtutem
483 2659 563 2705 vcro
587 2640 711 2724 ubique
734 2640 924 2717 amabilem,
949 2640 1072 2724 ubique
1096 2640 1279 2721 laudatam.

172 2739 273 2806 Forte
286 2743 387 2806 ctiam
401 2743 549 2826 placebit
558 2741 725 2807 diversum
737 2741 886 2806 conferre
897 2743 1067 2827 utriusque
1078 2745 1141 2808 viri
1155 2745 1280 2829 stylum

172 2848 206 2910 et
232 2845 406 2928 ingenium,
422 2845 530 2910 eidem
553 2851 663 2910 tamen
687 2845 807 2911 Satirae
831 2845 933 2910 nihilo
958 2846 1068 2909 secius
1095 2853 1280 2929 operatum.
1371 2862 1376 2871 ·

171 2945 368 3011 Facundum
392 2947 469 3013 hine
497 2945 651 3027 Polliam,
674 2954 712 3013 ut
737 2950 866 3027 acriter,
892 2949 942 3013 sic
966 2955 1000 3013 ct
1024 2947 1154 3026 diserte,
1170 2950 1279 3014 scelus

170 3051 438 3137 proscnbcntcm‚
454 3071 519 3116 non
543 3051 614 3116 sine
637 3052 810 3135 voluptate
830 3051 1042 3134 comparabis
1058 3071 1134 3115 cum
1147 3070 1282 3116 morosa

170 3151 240 3231 illa,
254 3155 378 3235 stricta,
395 3155 486 3220 salsa
499 3155 677 3221 dicacitate
691 3154 815 3233 Persii,
839 3173 988 3219 severam
1006 3152 1196 3219 Stoicorum
1210 3153 1279 3218 dis·

171 3253 331 3336 ciplinam
353 3261 484 3321 strenue
503 3256 715 3323 venditantis.
762 3256 867 3341 Apud
892 3257 980 3322 hunc
1005 3262 1093 3323 certe
1116 3255 1281 3340 praeclara

171 3360 224 3419 tot
249 3357 424 3441 sapientiae
447 3358 583 3424 oracula
600 3379 667 3424 non
691 3362 923 3444 aspernabere.
968 3358 1070 3443 Apud
1089 3359 1182 3423 illum
1203 3377 1280 3423 vero

173 3476 275 3540 quam
303 3459 408 3525 multa
435 3466 617 3540 occurrent,
641 3460 857 3546 jucundeque
878 3463 979 3544 leges,
1007 3461 1159 3526 felicibus
1186 3461 1280 3526 hisce

171 3560 375 3642 temporibus
390 3563 660 3628 accommodata!
684 3561 773 3629 Haec
796 3563 950 3647 inprimis
972 3563 1161 3629 Lunoth
1184 3582 1276 3647 mag·

170 3660 353 3726 nitudinem
368 3664 594 3731 exhibebunt:

260 3760 306 3827 Et
321 3786 385 3850 spes
400 3778 429 3830 et
442 3767 523 3831 ratio
537 3766 707 3831 studiorum
722 3767 760 3831 'in'
774 3764 893 3832 Cessare
907 3777 1040 3848 tantum,

262 3863 354 3930 Solus
369 3867 449 3932 enim
466 3870 568 3935 tristes
582 3868 640 3934 leuc
655 3880 830 3956 tempestate
848 3869 1008 3936 Comoenus

265 3965 427 4056 Respexit.

174 4072 261 4138 Item
275 4073 359 4139 ista:

259 4175 333 4261 Spes
347 4175 420 4242 vite
435 4201 502 4243 cum
520 4179 590 4245 Sole
605 4180 696 4247 redit.

239 4295 328 4360 Delpb.
340 4300 365 4346 st
379 4293 438 4349 uer.
451 4297 516 4348 Clas.
688 4299 746 4349 deo.
