3059 4925
256 341 323 444 rto
549 385 597 433 oa
621 383 701 432 sar.
724 382 882 442 tucrurr,
906 381 1078 441 rroaarrr,

253 532 399 601 studium
412 528 596 594 delicatulis
609 532 643 592 et
656 526 823 604 mollibus,
848 542 935 607 quos
954 523 1229 607 philosophorum
1249 522 1355 605 gravi-

253 641 323 724 tar*
334 630 543 716 dignitasque
564 634 730 694 oratorum
749 646 915 711 nunquam
929 626 1132 714 pellexisset,
1148 624 1192 688 ad
1207 625 1354 688 animum

255 758 353 802 suum
366 737 529 819 impurum
542 731 745 815 pascendum
759 729 997 803 excitaverunt,
1010 728 1173 794 obscoena
1186 745 1230 789 ex
1242 730 1356 790 nostro

255 857 354 906 sensu
368 842 401 900 ct
414 830 630 916 turpia-Ut
644 830 809 907 omittam,
824 827 868 892 ad
883 828 1048 912 judicium
1062 827 1104 894 de
1127 826 1229 910 poeta
1243 826 1355 909 aliquo

253 941 392 1024 ejusque
405 936 580 1002 virtutibus
593 931 772 1008 ferendum,
797 949 905 1012 neque
918 947 1024 993 mores
1039 929 1124 1013 ejus,
1138 948 1243 1011 neque
1258 948 1355 1010 argu·

252 1040 366 1117 menti,
381 1036 471 1122 quod
484 1034 685 1122 tractaverit,
699 1033 858 1097 rationem
871 1031 1043 1115 pertinere,
1058 1050 1126 1095 non
1138 1050 1269 1113 semper
1283 1032 1355 1095 uni·

253 1162 310 1206 mo
323 1140 455 1207 videtur
468 1139 689 1212 obversatum,
705 1136 874 1217 pleraque,
887 1152 912 1222 a
926 1133 1047 1216 quihus
1061 1132 1179 1200 cultior
1186 1138 1278 1202 ,aetas
1297 1133 1356 1196 ab'-

253 1242 394 1319 horreat,
408 1237 542 1315 rudiori,
569 1242 627 1301 aut
650 1236 780 1300 omuino
806 1235 983 1312 remotiori,
1005 1253 1112 1317 neque
1134 1232 1228 1297 dictu
1247 1252 1354 1316 neque

253 1341 345 1408 factu
359 1340 471 1425 turpia
482 1339 585 1403 fuisse
596 1344 634 1418 3¹⁵
657 1356 798 1420 cumque
818 1336 929 1419 turpia
942 1336 1074 1419 proprie
1088 1340 1253 1413 vocentur,
1277 1354 1354 1419 quae

752 1518 861 1572 NOTAE

257 1652 353 1701 riorum
365 1650 443 1701 auimi
453 1652 644 1716 redarmatur,
662 1660 699 1716 et,
717 1654 787 1719 quod
823 1653 907 1717 lienis,
929 1651 1029 1703 Laiarie
1046 1650 1245 1714 Francogallicir
1261 1648 1357 1713 poetis,

254 1741 339 1792 neque
351 1727 449 1791 pictum
470 1743 553 1794 neque
571 1730 662 1780 fictum
678 1731 704 1779 in
726 1731 787 1793 poe'·
823 1728 869 1794 (ue
881 1729 1141 1793 quidderernaculir
1151 1727 1246 1776 nostrie
1258 1724 1356 1789 dicam)

254 1807 339 1868 matie,
350 1807 493 1872 audiretur,
507 1808 574 1858 uude
592 1823 729 1873 puerorum
746 1811 786 1870 os,
823 1806 988 1857 statuendum
1011 1807 1054 1868 eit,
1076 1805 1172 1869 partim
1194 1817 1254 1853 vero
1276 1802 1355 1851 etiam

146 1945 152 1954 ἱ
253 1882 332 1944 oculi,
354 1898 428 1933 aures
450 1882 590 1935 loedineime
617 1886 787 1950 inquinantur
823 1882 867 1945 qui
887 1880 988 1932 fructus
1009 1895 1042 1931 ex
1059 1881 1152 1930 iisdem
1168 1878 1285 1945 legendis
1297 1892 1355 1943 per·

253 1971 389 2024 moresque
406 1973 508 2023 pereum
525 1959 787 2011 deutra—Omnium
824 1959 878 2023 cipi
890 1960 991 2022 possit!

251 2034 430 2086 ldetoricorum
452 2042 531 2103 atque
549 2045 679 2089 oratorum
705 2038 786 2087 moni·
857 2039 886 2083 la
898 2035 959 2083 dani
968 2033 1002 2083 de
1010 2030 1247 2095 moribne'lioratii,
1256 2031 1283 2080 in
1291 2030 1357 2080 edit.

252 2118 342 2162 menta
352 2128 367 2161 a
377 2119 451 2162 tactu
462 2121 541 2179 atque
552 2115 786 2178 oculiajuventutis
822 2111 899 2175 hujus
911 2112 997 2174 potitae
1016 2112 1049 2160 T.
1072 2124 1091 2160 r.
1114 2125 1140 2174 p.
1157 2123 1217 2158 cnr.
1234 2108 1297 2158 edit.
1313 2123 1355 2172 pr.

252 2188 523 2250 proscribendorum,
536 2190 557 2238 ni
569 2190 688 2251 credunt,
706 2204 785 2253 quan·
822 2189 831 2216 θ
843 2189 869 2237 Si
876 2188 1036 2253 cogitemus,’
1045 2188 1140 2252 iuquit,
1149 2190 1157 2216 ‘
1165 2202 1240 2251 quam
1250 2185 1358 2234 dissolu·

253 2260 287 2310 do
297 2262 419 2312 vitiorum
439 2266 611 2327 turpitudinen
628 2266 785 2333 suirrerhis
824 2272 851 2314 ta
866 2265 947 2315 fuerit
959 2265 1109 2314 Horatiauae
1129 2262 1216 2312 aetatis
1232 2261 1358 2322 licentia3

253 2345 425 2402 exequuntur,
432 2341 495 2389 talia
503 2342 529 2388 iu
539 2343 637 2390 animoa
645 2342 786 2391 teneriores
825 2357 899 2405 quam
912 2355 1016 2405 prorsus
1026 2341 1149 2390 honestus
1167 2346 1192 2389 et
1209 2353 1225 2388 a
1239 2337 1296 2387 uitii
1307 2337 1361 2387 υἰέ

253 2412 396 2475 dertlllare,
414 2416 562 2482 ibidemque
574 2419 721 2480 contagium
732 2419 787 2467 alli⁴
823 2418 892 2467 mine
902 2417 969 2467 liber
980 2417 1060 2467 fuerit
1071 2431 1143 2467 amor
1159 2415 1357 2480 peregrinarum

252 2505 329 2541 nere·
355 2492 521 2558 Ubicumque
539 2493 614 2544 dulce
631 2500 680 2555 est,
701 2495 787 2560 inquit
824 2500 851 2544 et
866 2494 1057 2554 libertinarum
1074 2508 1151 2558 quam
1167 2507 1266 2556 parum,
1283 2497 1357 2542 certe

253 2560 416 2628 Arbinatai
428 2576 456 2620 et
467 2570 569 2619 acidum
586 2569 710 2620 inuenies.
745 2572 787 2621 Id·
823 2571 1357 2636 antelegemJuliamlatam,ipsepuern·

253 2643 324 2707 circo
345 2644 451 2708 provida
474 2645 534 2695 boni
562 2652 656 2696 natura
683 2662 786 2698 aeneum
823 2665 880 2698 mur
893 2648 963 2699 arnor
973 2650 1078 2699 sceleris
1092 2642 1226 2709 babuerit,
1242 2647 1357 2712 denique

252 2717 369 2783 fugiendi
389 2721 466 2771 noxia
482 2722 598 2772 omnibus
616 2723 786 2775 animantibus
824 2739 900 2790 quem
916 2727 1005 2775 multae
1016 2734 1043 2775 et
1053 2726 1170 2775 notiones
1189 2729 1218 2773 et
1233 2724 1357 2789 loquendi

253 2794 364 2857 indidit;
390 2797 535 2848 homiuibus
563 2813 664 2864 quoque
691 2801 787 2851 discer-
822 2799 954 2851 formareo
967 2807 1084 2865 tempore
1100 2800 1253 2864 dignitatem
1268 2807 1297 2849 et
1311 2801 1356 2849 ho·

253 2870 332 2920 nendi
353 2872 487 2924 rationem.
520 2874 611 2924 Poetis
633 2877 727 2926 nostrie
748 2878 786 2925 in·
823 2884 950 2927 aestatem
967 2878 1111 2939 habuerint,
1129 2892 1192 2941 quae
1207 2882 1299 2940 postea
1310 2891 1357 2939 po·

252 2960 342 3011 aperta
352 2955 413 2999 runt
422 2950 549 3015 quadam,
556 2966 614 3015 quae
625 2953 709 3014 pravis
717 2968 787 3002 men·
823 2953 894 3003 litior
912 2968 983 3018 uror,
1004 2959 1034 3003 ut
1056 2953 1095 3016 tit,
1111 2954 1220 3017 respuit,
1239 2958 1267 3002 et
1285 2952 1356 3002 inter·
1456 2957 1462 2962 '

254 3021 324 3072 tibur
345 3024 531 3084 adhaerescunt,
556 3039 694 3090 generosos
718 3042 785 3091 prae-
822 3029 960 3080 illiberales
972 3030 1080 3081 retulit:
1098 3031 1155 3079 bac
1168 3028 1188 3077 si
1199 3028 1355 3092 cogitemus,

252 3097 425 3150 terlabautur.
451 3101 622 3151 Confirmatue
633 3103 667 3152 ad
677 3106 786 3154 honesta
817 3103 872 3168 jam
882 3106 991 3155 multum
1002 3119 1034 3153 ex
1047 3104 1091 3154 illo
1102 3104 1207 3154 Horatii
1225 3103 1356 3166 vituperio

252 3175 352 3224 animur
370 3177 476 3227 verbam
492 3178 698 3228 lascivimculum
708 3179 786 3230 facile
823 3180 909 3243 perire
920 3181 1068 3230 sentiamus.
1102 3181 1172 3228 Loca
1192 3185 1219 3227 et
1238 3180 1355 3228 carmina

253 3250 500 3302 &ammittit-Illa
510 3267 578 3301 nunc
596 3255 634 3302 ita
649 3257 786 3306 toleranda
823 3256 937 3318 Horatii,
949 3270 1007 3320 quar
1017 3270 1064 3306 nos
1075 3255 1150 3305 hodie
1163 3253 1305 3318 oflendunt,
1322 3271 1354 3306 eo

254 3330 324 3386 aeut,
344 3332 373 3374 ut
388 3327 457 3376 bona
473 3327 722 3380 coudoio'malorum
734 3333 785 3382 dis·
823 3337 940 3395 tempore
956 3347 1008 3383 non
1024 3334 1062 3382 ita
1080 3331 1263 3401 offendebant,
1280 3332 1356 3395 licet,

254 3413 404 3464 cernamur3
421 3403 459 3453 ita
468 3405 586 3455 habenda
597 3414 625 3455 et
642 3412 785 3475 tractanda,
822 3408 893 3472 quod
920 3422 966 3457 noe
988 3408 1065 3458 hodie
1082 3409 1109 3459 in
1125 3406 1353 3459 verbie'eastlores

253 3483 283 3526 ut
294 3487 395 3528 nosmet
407 3481 685 3533 iunocentiatutemur.
715 3486 786 3534 Prae·
821 3497 908 3533 eumue
924 3499 954 3533 ac
971 3484 1141 3545 delicatiores,
1160 3499 1209 3532 non
1221 3491 1355 3550 aequatur,

253 3553 325 3603 clare
336 3568 437 3621 quoque
455 3564 567 3607 nostram
587 3556 615 3607 iu'
631 3575 683 3609 rem
695 3562 786 3611 Milto·
823 3565 852 3610 ut
872 3562 924 3610 ideo
943 3567 971 3611 et
991 3575 1075 3610 morer
1093 3561 1212 3610 hodierni
1231 3552 1355 3612 cautiores

252 3630 466 3682 noaiuPeradite
476 3635 572 3684 Leetv.
592 3641 698 3700 117.rq.
727 3639 786 3688 Eril
823 3634 883 3685 sint.
916 3634 1036 3697 Accedit,
1057 3636 1125 3700 quod
1137 3636 1201 3684 dare
1212 3650 1354 3699 possumus,

252 3701 373 3753 intothe
394 3707 466 3756 mind
482 3707 513 3759 of
525 3710 585 3760 God
602 3725 632 3760 or
649 3727 707 3760 marr
722 3714 785 3776 May
823 3712 960 3769 Horatium
978 3714 1106 3762 hominem
1127 3714 1233 3761 hilarem
1251 3719 1279 3762 et
1298 3729 1355 3762 sua·

253 3792 327 3829 come
348 3782 399 3830 and
422 3798 464 3847 go,
482 3798 512 3833 eo
538 3786 715 3849 unapprov'd,
734 3789 785 3840 and
822 3803 889 3852 vern,
900 3787 1046 3852 praesertim
1057 3790 1082 3838 in
1094 3790 1139 3839 illa
1156 3789 1243 3838 aaeculi
1260 3790 1300 3838 eni
1317 3790 1356 3838 in-

252 3854 325 3918 leare
333 3859 375 3907 No
383 3865 442 3922 spot
451 3875 482 3909 or
489 3860 573 3912 blame
583 3862 687 3912 behind.
710 3864 785 3914 Conf.
822 3866 892 3927 dole,
908 3865 941 3915 ab
953 3880 1038 3915 amore
1050 3880 1100 3914 noo
1111 3866 1250 3913 immunem
1262 3864 1353 3928 fuisse,

254 3932 372 3998 Heyniue
380 3937 406 3984 in
415 3935 523 3988 Praefat.
533 3940 564 3988 ad
573 3938 709 4003 Tibullum,
717 3940 784 4004 inpr.
822 3942 877 4004 ejus
894 3942 1080 4005 philosophiam
1097 3954 1196 3990 morum
1213 3942 1261 3990 hae
1274 3947 1353 4004 parte

252 4010 302 4073 §2
315 4018 344 4062 et
353 4016 378 4061 b.
390 4014 454 4064 edit.
466 4029 504 4079 pr.
518 4015 561 4065 nbi
573 4016 696 4078 attendit,
710 4019 786 4082 quale
822 4018 946 4066 laxiorem
957 4018 1045 4080 fuisse,
1060 4032 1119 4067 euru
1134 4018 1226 4065 arsiam
1242 4016 1353 4066 subinde

253 4086 347 4149 parum
358 4091 470 4152 pretium
481 4091 625 4154 hujusmodi
637 4092 730 4155 poetis,
740 4094 786 4157 qui
821 4084 942 4143 libertina
953 4093 1040 4157 aliqua
1049 4100 1095 4142 aut
1104 4094 1240 4157 peregrina
1248 4094 1333 4156 puella
1343 4109 1361 4163 ξ-

254 4167 331 4211 certe
343 4178 395 4214 non
418 4167 470 4216 rint
489 4165 638 4216 lasciviores
657 4181 688 4216 ac
707 4168 786 4216 lubri·
821 4185 907 4235 neque
918 4177 1005 4220 tamen
1016 4169 1075 4220 ideo
1085 4170 1190 4219 detinet
1200 4183 1257 4219 esse
1274 4170 1297 4218 ie
1312 4171 1352 4219 rir

254 4234 503 4308 abror-creterris,
529 4243 674 4309 Gracurtir,
702 4245 784 4296 Chau-
821 4240 945 4311 magnus,
961 4246 1051 4311 bonna
1075 4254 1104 4297 et
1121 4246 1249 4297 horretur.
1282 4246 1357 4296 Nem·
