3059 4925
647 359 853 410 usurario.
1279 342 1301 406 7

197 533 273 582 nere
299 515 379 580 mihi
403 516 513 593 licoat,
537 515 586 581 ita
609 520 731 593 tamem
757 519 795 580 ut
818 519 1007 580 resecentur
1029 510 1198 590 nonnulla,
1223 530 1299 595 quae

196 617 264 683 line
277 637 343 682 non
357 623 518 700 spectent,
539 623 574 683 et
587 617 785 704 adjiciantur
798 617 878 682 alia.

242 718 359 784 Prima
369 720 484 803 utique
498 726 532 784 et
552 724 712 806 perpetua
732 738 814 786 cura
836 719 901 784 fuit
919 719 1004 795 haec,
1027 724 1075 794 ut,
1100 717 1301 803 quicumque

200 841 275 886 mea
300 821 444 887 editione
470 827 625 900 uteretur,
652 823 752 887 aliam
776 841 843 886 non
867 839 1067 904 magnopere
1092 818 1302 899 desideraret,

197 923 259 988 sed
273 924 309 986 in
329 944 372 988 ea
392 926 560 1010 reperiret,
582 925 743 1010 quicquid
766 926 844 989 boni
867 929 900 989 et
923 922 1077 1008 preclari
1100 921 1143 985 ad
1165 921 1302 1006 poetam

197 1025 435 1090 emendandum
485 1027 785 1112 illustrnndnmque
836 1027 1027 1109 interpretes
1078 1023 1301 1090 contulissent.

195 1126 337 1212 Semper
348 1130 435 1194 enim
449 1131 529 1195 mihi
545 1129 716 1215 displicuit
736 1148 810 1194 mos
824 1134 857 1193 et
870 1127 1073 1194 consuetudo
1096 1144 1219 1204 eorum,
1242 1126 1301 1211 qui

119 1273 123 1278 .
195 1229 309 1295 ubivis
324 1230 476 1309 lectores,
496 1232 596 1296 etiam
619 1231 772 1298 obscuris
786 1232 822 1294 in
843 1228 929 1294 locis
952 1249 992 1294 ac
1016 1230 1125 1306 rebuS,
1147 1228 1190 1293 ad
1212 1228 1301 1294 alias

194 1331 364 1396 remittunt
388 1331 563 1410 editiones,
587 1332 739 1417 adeoque
762 1333 850 1397 hunc
874 1332 918 1395 iis
942 1332 1172 1396 necessitatem
1195 1331 1301 1415 impo-

195 1438 287 1510 nunt,
302 1439 351 1509 ul,
366 1438 450 1518 quot
464 1435 529 1499 sint
551 1436 648 1499 unius
672 1436 847 1519 scriptoris
862 1434 1022 1499 editiones
1044 1452 1067 1497 a
1089 1434 1168 1497 viris
1192 1433 1301 1498 doctis

194 1539 332 1612 curatae,
360 1541 408 1599 tot
432 1536 575 1600 habeant
598 1544 631 1602 et
657 1536 820 1615 coimant,
846 1539 887 1613 si,
915 1556 1135 1621 quaecumque
1160 1536 1203 1600 ad
1227 1536 1300 1620 ejus

194 1644 266 1710 sive
291 1646 463 1713 lectionem
490 1648 561 1712 sive
593 1648 895 1731 interpretationem
919 1647 1141 1732 adjuvandam
1165 1648 1209 1712 ab
1231 1647 1301 1714 edi·

194 1748 320 1813 toribus
349 1750 471 1815 collata
499 1751 575 1826 sint,
603 1769 800 1834 cognoscere
831 1751 978 1834 cupiant.
1025 1749 1127 1828 Quod
1153 1752 1301 1834 profecto

192 1870 259 1916 uon
272 1853 382 1916 minus
396 1853 497 1919 habet
512 1853 725 1930 incommodi,
748 1874 850 1938 quam
872 1855 914 1932 si,
938 1855 1147 1938 superiorum
1172 1860 1300 1937 tempo·

192 1971 267 2017 rum
285 1956 380 2033 vitio,
404 1955 584 2020 Variorum
598 1945 705 2032 noni,
724 1958 778 2022 vel
792 1962 971 2041 excerptas
985 1956 1038 2020 vel
1050 1958 1208 2037 integrus,
1232 1954 1299 2018 tuis

192 2054 369 2139 adjungas,
393 2078 461 2141 qno
486 2057 534 2135 lit,
559 2063 597 2122 ut
621 2063 744 2141 praeter
768 2063 868 2135 recta,
894 2058 982 2121 bona
1006 2064 1040 2121 et
1066 2058 1171 2134 utilia,
1200 2056 1300 2120 etiam

192 2158 366 2240 permulta,
380 2159 451 2223 sive
465 2159 556 2223 falsa
569 2166 603 2226 et
624 2180 646 2224 a
670 2160 907 2243 posterioribus
928 2158 1073 2242 interpp.
1094 2158 1168 2243 jam
1182 2154 1300 2221 coniu-
1392 2181 1397 2188 ¹

190 2263 274 2338 tata,
289 2262 361 2324 sire
382 2262 531 2346 vulgaria
544 2268 578 2328 et
592 2262 711 2340 aliena,
731 2282 792 2326 nec
808 2262 910 2326 semel
925 2266 1064 2338 tantum,
1089 2263 1148 2326 sed
1173 2259 1299 2344 saepins

192 2359 331 2444 legende·
358 2363 436 2441 sint,
466 2369 500 2429 et
528 2365 600 2447 ipse
629 2368 745 2429 auctor
771 2365 806 2427 in
831 2369 987 2429 notarum
1014 2365 1114 2441 mole,
1143 2368 1301 2447 tanquam
1379 2367 1382 2372 “

190 2464 316 2545 cymba
333 2464 368 2527 in
383 2463 532 2543 Oceano,
547 2471 658 2530 netme
672 2465 835 2532 videatur.
881 2465 953 2549 Ego
974 2468 1115 2531 mediam
1135 2468 1301 2547 ingressus

189 2563 296 2644 viam,
308 2586 385 2651 quae
401 2568 490 2632 bona
504 2568 561 2632 alii
573 2568 706 2649 habent,
723 2588 800 2634 cum
814 2569 943 2635 delectu
957 2570 1189 2654 excerpenda,¹
1206 2573 1250 2646 et,
1262 2568 1300 2630 ut
1393 2608 1397 2615 -

693 2761 800 2815 NOTAE

226 2877 239 2923 1
258 2873 352 2938 Heyne
363 2873 390 2922 in
402 2873 484 2925 Prref.
496 2875 529 2925 ad
540 2876 634 2941 virgil.
645 2877 674 2927 T.
683 2890 727 2927 111.
769 2880 843 2930 ‘tem
865 2879 995 2944 exignum,
1017 2878 1113 2944 spretis
1135 2892 1166 2926 ac
1186 2874 1301 2940 rejecti,

189 2948 373 3011 ‘Utilissimsss
384 2949 571 3014 inquit,‘lrnud
580 2951 658 3002 dubie
667 2967 728 3016 ope·
767 2959 775 2984 ⁴
788 2957 921 3006 utilissima
931 2962 958 3006 et
967 2955 1065 3019 optima
1080 2969 1190 3020 quaeque
1206 2954 1233 3001 in
1249 2966 1301 3001 uno

189 3025 239 3074 ‘ra
251 3041 266 3074 a
277 3026 339 3074 viris
359 3025 442 3076 doctis
460 3034 574 3091 ponetur
584 3028 611 3077 in
621 3028 680 3093 hoc,
697 3035 728 3079 nt
766 3032 775 3060 ⁸
787 3032 852 3083 libro
862 3032 1047 3097 comprehensa
1061 3029 1209 3080 habeamus.
1242 3027 1302 3078 lei

188 3102 324 3166 ‘plurium
347 3102 490 3153 editionum
511 3105 592 3169 bons,
613 3119 671 3155 curn
691 3105 728 3154 dl·
765 3108 856 3159 ‘enirn
877 3109 1009 3160 literarum
1032 3107 1195 3172 antiquorum
1213 3102 1301 3154 studio

189 3180 199 3208 ‘
211 3180 282 3229 lectu
301 3184 387 3228 tamen
405 3179 526 3244 prudenti
549 3187 578 3231 et
597 3180 727 3246 diligenti,
768 3187 776 3214 ‘
788 3186 836 3237 lise
848 3192 895 3236 snt
905 3185 981 3236 simili
993 3184 1045 3234 slis
1056 3185 1155 3235 ratione
1166 3196 1301 3233 succurra·

190 3253 236 3302 ‘iu
248 3269 325 3303 unenr
336 3252 482 3318 conferant,
498 3270 581 3321 eaque
598 3256 666 3305 bona
682 3272 727 3306 no·
766 3262 775 3288 ‘
789 3267 839 3326 tur,
847 3276 899 3326 qna
910 3260 1170 3311 resecenturinutilia
1179 3265 1206 3309 et
1218 3274 1233 3308 a
1244 3272 1302 3308 nos·
1344 3319 1348 3324 ’

186 3328 245 3379 ‘vis
256 3331 358 3393 opibus,
376 3346 439 3394 quas
457 3333 539 3381 nostri
551 3332 578 3382 in
588 3333 628 3383 his
640 3334 726 3384 literis
765 3339 774 3367 ⁸
788 3339 822 3388 tri
834 3339 922 3389 saeculi
933 3339 1006 3388 cultu
1018 3352 1049 3387 ae
1060 3337 1135 3402 genio
1146 3335 1240 3396 aliena,
1258 3332 1303 3383 ad·

120 3418 123 3427 ’
187 3406 354 3470 ‘profectun
379 3415 477 3458 uostrre
500 3409 587 3459 utatis
613 3411 726 3462 rationes
765 3414 1060 3477 ιι’ἰοίιιιιῐιιιιιιιῑοιιιει,
1076 3412 1302 3478 qnoennielitera·

189 3484 344 3549 ‘postulare
363 3483 436 3534 forte
458 3484 591 3550 ridentur,
611 3487 726 3552 locuple·
766 3493 844 3542 ‘rom
864 3492 927 3553 luci,
946 3492 1007 3541 hnic
1026 3489 1141 3554 poitiees
1160 3495 1189 3538 et
1207 3487 1301 3538 artium

189 3559 281 3621 ‘tent,
302 3559 396 3624 qulbus
420 3560 515 3611 iterum
537 3562 581 3611 slii
601 3563 726 3628 singulas,
766 3565 1302 3634 ‘expolitioni,acuminiphilosophiaeme·

186 3636 271 3701 ‘qnos
282 3634 403 3686 conferre
421 3652 449 3688 so
467 3652 542 3702 posse
564 3647 666 3705 putent,
684 3655 727 3692 ac·
766 3646 855 3695 ‘lioris
866 3645 1020 3695 ethistorire
1038 3643 1157 3693 subtilius
1169 3647 1301 3703 tractato,

188 3712 340 3763 ‘cessiones
358 3712 497 3777 adjiciant:
519 3720 556 3778 nt,
572 3715 599 3764 in
615 3718 727 3767 molesta
766 3722 908 3772 ‘varietati
919 3729 947 3772 et
957 3721 1040 3785 copies
1050 3719 1300 3782 doctrioae,consen·

187 3788 257 3838 ‘hoc
269 3789 430 3839 diversarum
441 3789 663 3858 editionumque
674 3793 725 3843 sin·
765 3801 863 3856 ‘tanen
884 3798 954 3859 sint,
981 3797 1032 3846 nisi
1053 3797 1201 3846 minuantur
1222 3809 1301 3859 porro

184 3867 277 3930 ‘gulae
300 3867 461 3931 aliquantum
481 3868 556 3918 bonae
577 3868 660 3935 frugis
683 3871 726 3921 lra-
765 3877 885 3925 ‘sumtus
904 3876 932 3924 in
953 3879 994 3925 tot
1012 3873 1150 3936 editiones,
1166 3887 1230 3937 quas
1250 3871 1301 3921 nisi

186 3945 281 4008 ‘beot
300 3945 377 4010 eopia
398 3947 567 4010 perveniatur
585 3948 725 4015 aliquando
766 3951 874 4001 ‘omnes
890 3949 924 4000 ad
939 3964 1042 3999 manum
1059 3947 1191 4008 lrsbnerls,
1206 3959 1299 4009 sapere

185 4022 250 4082 (ιο,
266 4026 297 4070 nt
312 4021 351 4083 iis,
370 4036 428 4087 qnae
450 4024 574 4075 antelios
597 4024 725 4076 docorum
765 4026 837 4076 ‘non
860 4027 932 4088 licet,
953 4025 1032 4090 inquo
1057 4029 1156 4074 tontum
1175 4022 1300 4073 libroruin

185 4095 195 4123 ‘
207 4096 249 4145 vel
268 4103 392 4147 centenos
412 4112 492 4149 annos
510 4115 584 4151 nsnrn
602 4099 671 4153 forte
683 4104 726 4152 lra-
765 4104 774 4132 ‘
787 4103 947 4154 auxiliarium
958 4108 1111 4167 apparatum
1122 4098 1249 4162 faciendi3
1261 4113 1300 4150 re-

186 4172 268 4222 ‘bere
286 4180 411 4236 poterant
427 4176 548 4242 nliqnem‚
560 4187 726 4232 noscentem
766 4184 913 4230 ‘vocentur
936 4194 999 4229 vero
1026 4178 1138 4228 virorum
1164 4177 1299 4229 doctorum

185 4245 254 4302 ‘aut
272 4251 376 4303 omuino
391 4253 489 4306 hbent
502 4257 611 4325 nullum,
621 4264 668 4310 snt
679 4259 728 4309 sal·
767 4262 776 4289 ⁴
789 4258 877 4309 studia
887 4256 922 4308 ad
930 4262 1028 4307 certum
1037 4267 1068 4306 ae
1076 4251 1210 4307 delinitum
1220 4252 1298 4304 finem
