3059 4925
225 292 272 359 dd
672 311 722 360 na
745 310 883 362 murra

235 479 242 516 r
268 454 310 519 In
336 453 390 520 bia
414 455 612 524 Graecorum
631 453 756 530 'fabulis
778 459 945 544 satyricis,
978 460 1150 543 praecipuo
1182 458 1328 525 ooutooa

225 575 299 624 rum
318 557 505 640 poetarum,
526 563 559 623 ot
581 560 770 638 oonmdiis,
790 562 927 645 antiqua
949 561 984 624 in
1006 563 1122 646 primis
1144 566 1178 625 ei
1205 561 1327 638 media,

226 659 410 742 harumque
430 658 551 739 eboris,
576 661 728 745 (quorum
750 670 881 736 cantus,
908 683 986 728 oum
1008 665 1144 730 musica
1169 668 1205 727 ei
1229 662 1330 730 salta·

226 760 315 825 tiono
336 760 592 846 conjuncturum
611 781 789 844 sermones,
802 783 878 828 oum
897 767 1028 830 audone
1047 767 1329 850 potissimumco·

218 973 399 1046 'mmmmm
414 974 554 1035 Atellania,
565 975 621 1039 ejur
639 975 758 1025 imitatri-
799 979 834 1029 tir
856 979 918 1028 ratis
936 979 1016 1044 longa
1034 978 1222 1029 consuetudine
1240 976 1332 1041 proba·

227 1050 312 1113 eibm,
320 1050 495 1116 concluditur,
510 1067 585 1117 uque
601 1067 632 1103 ae
648 1053 759 1117 tragica,
799 1063 861 1118 tarn,
872 1062 900 1104 et
917 1055 951 1105 ad
962 1054 1115 1106 relaxandos
1133 1054 1242 1118 animoa,
1252 1053 1331 1117 tragi-

228 1126 339 1191 priscam
351 1127 456 1193 quidem
467 1128 574 1179 retinuit
585 1128 760 1180 adornationir
799 1147 886 1182 carum
905 1131 973 1182 sorte
993 1147 1076 1183 rerum
1096 1130 1237 1182 atrocitate
1254 1129 1330 1193 paulo

227 1205 430 1268 aimplieitatem,
443 1206 481 1255 ita
495 1212 525 1255 ut
535 1204 632 1256 laboiae
647 1221 697 1257 neo
713 1207 760 1256 im·
801 1206 907 1259 affector
924 1207 1183 1271 vehementiue,rnire
1196 1220 1270 1271 quam
1287 1219 1331 1255 ac·

229 1281 334 1343 plicam
350 1290 446 1345 ament,
462 1281 759 1346 neeraideproduetae3
800 1284 995 1335 commodatam.
1029 1285 1131 1334 Limata
1149 1281 1259 1334 aubbrda
1274 1282 1334 1333 imre

228 1358 276 1406 red
295 1359 322 1407 in
349 1358 467 1408 notandir
486 1359 587 1409 eiribnr
613 1360 719 1410 lieentia
736 1361 761 1409 ei
801 1361 867 1411 ratio
877 1367 934 1410 arte
945 1360 1089 1425 poetarum,
1105 1359 1212 1423 aceepit
1220 1358 1331 1424 aliquam

229 1433 429 1487 diaaimiiiriuit.
463 1435 607 1486 Herenim
623 1437 761 1501 pristinam
801 1437 939 1487 territatio
968 1438 1040 1486 reiut
1064 1436 1331 1499 teterrimumque

230 1596 317 1639 tamen
336 1591 501 1654 temperavit.
545 1590 601 1641 Iria
618 1606 680 1641 vero
694 1592 765 1642 ratio·
801 1599 852 1641 ret.
885 1593 974 1655 Longe
985 1591 1036 1641 alia
1047 1591 1098 1641 fuit
1113 1590 1138 1640 iu
1159 1589 1256 1653 dispari
1274 1602 1335 1638 con·

228 1665 311 1714 omnir
323 1667 460 1730 popularet
472 1666 612 1717 cavillandi
627 1667 654 1716 in
671 1666 762 1718 Attica
801 1669 858 1718 silio
868 1668 1031 1719 Comioornm
1040 1668 1116 1730 ratio,
1123 1666 1169 1731 qui
1173 1664 1334 1730 Joouiaribua

229 1754 306 1790 aeona
323 1743 471 1793 trmrmim
488 1749 530 1793 ort
547 1743 581 1793 ad
598 1744 763 1804 Comiooa,-
802 1744 940 1794 fundendis
951 1744 989 1793 ita
999 1736 1333 1807 peragrabautperenimor

230 1817 321 1882 qnibm
338 1819 472 1883 proprium
487 1821 537 1871 boc
554 1826 620 1885 poto
632 1818 722 1882 fuiare,
733 1827 763 1872 ut
802 1821 942 1884 bominum,
960 1821 1097 1870 itaronrua
1112 1825 1264 1882 mentesque
1275 1830 1336 1881 per·

209 1942 213 1956 ,
231 1901 283 1944 aen
292 1895 375 1945 mium
391 1897 531 1962 equalium
545 1911 629 1948 morer
645 1905 674 1948 et
690 1898 764 1947 inati-
803 1898 965 1970 mulcebant²
980 1903 1010 1946 ut
1034 1910 1100 1960 opur
1121 1909 1174 1949 non
1193 1901 1263 1943 erret
1283 1893 1337 1942 irto

231 1976 289 2022 tata
304 1972 430 2036 carpendi
445 1975 599 2025 malevolam
614 1975 764 2027 libertatem
803 1989 878 2025 nora
895 1980 924 2025 et
939 1973 1044 2023 aliunde
1064 1972 1197 2023 arceamtae
1214 1968 1336 2033 ctongio

231 2053 459 2115 numerorum
476 2054 559 2104 omnia
575 2055 678 2121 generir
694 2071 765 2106 ronr-
805 2051 993 2103 delectationis.
1024 2051 1106 2100 Multi
1115 2062 1217 2115 quoque
1233 2045 1336 2097 Oomici

218 2145 221 2150 ·
233 2127 357 2177 rilitaten
369 2135 397 2179 et
405 2129 535 2181 boeotiam
546 2131 766 2194 amplexarentur.
806 2141 883 2189 res,e
894 2127 950 2182 rita
964 2127 1094 2177 communi
1104 2126 1209 2191 petitae,
1219 2124 1338 2188 adeoque

164 2221 167 2228 ²
231 2204 358 2267 Equidem
368 2205 491 2269 Tragicos
502 2206 611 2256 dixerim
627 2209 763 2257 severitati
804 2218 856 2253 non
873 2219 916 2253 oar
933 2205 1078 2262 coniectati
1101 2209 1171 2264 snat,
1185 2202 1212 2252 io
1230 2215 1340 2265 quanm

231 2280 356 2343 aptiores,
370 2281 472 2331 virilem
489 2283 643 2348 rapientium
660 2300 691 2334 ac
706 2298 765 2335 ren-
805 2281 1010 2331 communionem
1026 2280 1154 2345 qrraudam
1174 2278 1261 2344 Satyri
1282 2292 1339 2343 por·

232 2356 370 2406 teutiarum
388 2359 542 2421 gravitatem
555 2359 706 2425 Satyrorum
721 2363 765 2426 ju·
806 2366 867 2408 rent
877 2357 1045 2422 probabiliter
1055 2356 1167 2407 adduci:
1184 2363 1214 2406 ut
1224 2363 1338 2417 taceam,

232 2431 310 2482 reniii
330 2431 464 2486 hilaritate
483 2442 656 2500 temperatre3
679 2437 765 2488 Comi·
804 2449 888 2501 neque
894 2434 928 2485 de
939 2433 1024 2486 oberit
1035 2424 1189 2499 Satyrorum
1200 2431 1227 2482 in
1243 2430 1341 2483 fabulis

233 2523 287 2572 eor,
304 2510 391 2560 animo
409 2509 442 2560 ad
461 2512 620 2564 irridendum
638 2521 709 2576 nato,
731 2514 765 2564 ad
804 2513 1041 2577 comico-ratyricir,
1053 2524 1138 2576 neque
1148 2509 1183 2559 de
1194 2508 1280 2559 eboris
1297 2520 1341 2557 ea·

233 2586 400 2641 tolntirrimar
428 2588 591 2642 desuetudine
611 2591 767 2656 jooutioner,
805 2606 863 2640 rum
879 2591 906 2640 in
923 2590 1070 2640 uniuersum
1081 2587 1217 2654 quiequam
1229 2587 1339 2637 relatum

233 2678 265 2713 ar
274 2663 434 2716 subabsurda
444 2667 544 2732 querit
553 2675 581 2719 et
592 2668 701 2719 ridicula
710 2683 767 2719 ver·
806 2663 1157 2719 iuveni-Quemadmodum
1173 2677 1236 2712 vero
1252 2661 1339 2725 poete

233 2742 302 2792 riom
313 2741 446 2796 effutiiaae.
479 2745 584 2811 Quippe
599 2745 638 2795 illi
651 2747 767 2797 delecta-
807 2742 1036 2808 comico-satyrici,
1054 2740 1101 2806 qui
1126 2739 1290 2788 contumeliae
1302 2743 1342 2787 et

234 2819 333 2869 tionem
362 2829 538 2886 spectatorum
563 2837 622 2873 oum
654 2825 768 2874 utilitate
807 2818 1145 2871 irrtrioutrcmrrfrouiorr
1161 2821 1341 2867 marmania

234 2897 346 2960 quadam
362 2898 535 2963 copulabaut3
560 2899 597 2962 iri,
609 2899 695 2965 plebia
711 2907 768 2950 tan·
806 2900 923 2963 Tragioir
938 2905 1102 2962 argumenta,
1120 2896 1244 2946 bamibue
1262 2895 1342 2961 prisci

235 2978 288 3023 tum
304 2975 380 3024 modo
395 2973 477 3026 favori
493 2974 627 3040 velificati,
644 2977 769 3027 adbibere
811 2977 861 3035 oeri
872 2988 956 3025 morer
975 2971 1259 3033 taurominitanum,
1271 2971 1343 3022 etri·

234 3052 325 3103 animie
340 3052 513 3118 voluptatem,
530 3068 627 3119 eoaque
647 3055 709 3104 dare
724 3055 768 3119 ju·
811 3051 1053 3102 diculumbabitum
1068 3047 1192 3112 affingere
1211 3048 1342 3111 solebant,

235 3127 364 3179 eunditati
381 3129 571 3181 volebant-2.
598 3132 702 3195 Tragici
724 3145 769 3195 po·
809 3130 854 3196 qni
872 3131 1024 3193 Satyrorum
1054 3141 1129 3192 paruo
1154 3124 1343 3190 turpitudinen

235 3203 419 3270 &mentique
431 3207 625 3260 retinentissimi
645 3208 769 3273 simplici·
809 3214 974 3273 exaequaret:
991 3205 1030 3255 ita
1045 3205 1072 3253 in
1083 3203 1231 3265 iabuiir,ad
1241 3202 1342 3252 domer-

235 3278 307 3341 tatia,
314 3280 466 3345 Satyrorum
486 3275 610 3333 ssitaotea
624 3284 715 3334 chorea
731 3285 769 3334 in·
809 3284 870 3334 tioae
890 3284 951 3333 ritae
973 3282 1110 3346 imaginem
1133 3278 1343 3341 adumbratir‚ri

236 3357 387 3419 trudonem,
414 3359 506 3409 comici
534 3365 580 3409 aut
604 3362 770 3411 excluserunt
810 3362 860 3411 civi
881 3359 993 3425 cuipiam
1012 3358 1122 3408 illudere
1141 3357 1241 3407 veilent
1260 3360 1341 3419 atque

236 3435 324 3498 plane,
340 3441 394 3498 aut,
405 3437 544 3487 terioriimr
564 3444 635 3488 certe
647 3439 770 3502 tempori·
809 3434 1013 3496 incommodare,
1028 3433 1086 3483 bare
1101 3431 1203 3481 videtur
1219 3440 1342 3481 noumro

237 3511 626 3573 mrt,ricemeorumetmrrour
646 3514 770 3565 irrisionis
810 3511 880 3562 iram
900 3518 1006 3561 versata
1034 3523 1101 3572 erre,
1119 3515 1150 3558 ut
1169 3521 1227 3557 eum
1254 3506 1343 3572 Satyri

237 3588 593 3641 muaaadaiioedetuieruut.
616 3592 769 3643 Quosenim
809 3603 945 3654 perronam
970 3596 998 3637 et
1019 3600 1104 3636 morea
1126 3590 1201 3649 gesta
1218 3585 1345 3648 juberent

238 3665 387 3728 ruperatitio
402 3665 430 3713 in
448 3666 544 3716 Baeobi
556 3666 685 3731 quoddam
697 3669 771 3732 quari
809 3674 887 3731 atque
907 3665 996 3715 babitu
1009 3662 1114 3713 referre.
1148 3662 1226 3715 Quod
1240 3659 1345 3725 quidem

237 3743 389 3792 rateliitium
408 3743 547 3805 asciverat,
565 3743 647 3793 Sileni
666 3746 771 3808 Satyro·
810 3744 946 3808 poetarum
958 3741 1106 3791 institutum
1113 3739 1206 3788 mediae
1217 3738 1245 3786 in
1257 3736 1347 3801 priario
1364 3782 1367 3793 ,

238 3831 346 3884 rumque
357 3819 437 3882 ebori,
450 3833 510 3869 eum
527 3820 585 3869 rudi
603 3821 774 3884 agricolarum
813 3836 845 3870 ae
855 3834 927 3870 novae
940 3817 1081 3869 comoedia
1097 3814 1257 3880 temporibus
1278 3811 1349 3863 miri·

238 3895 383 3946 imitatione
394 3896 575 3959 repraesentati
583 3896 774 3960 primordiade·
813 3895 863 3945 tire
883 3894 1026 3960 juvabatur
1043 3892 1137 3957 insigni
1158 3891 1204 3940 iila
1225 3903 1348 3954 perronae

239 3975 340 4028 dissent
350 3977 407 4026 istie
418 3974 524 4039 fabulis,
534 3976 604 4025 inter
611 3982 700 4025 cetera
711 3977 775 4026 Dio·
814 3988 870 4023 rum
889 3987 935 4022 seu
954 3971 1093 4032 larvarum,
1114 3967 1207 4034 quibua
1226 3965 1348 4016 iaetrmd

238 4053 494 4119 nyriorumrolenuia
502 4051 654 4102 celebratio:
666 4051 774 4117 Tragici
813 4051 950 4100 histriones
963 4048 1112 4114 prodibant,
1130 4052 1159 4095 et
1168 4044 1304 4095 ⁴varietate
1316 4048 1348 4093 et

239 4129 494 4196 peneneoeasariam
507 4128 692 4193 judicaverunt
707 4130 773 4179 banc
814 4128 988 4179 deformitate.
1022 4127 1081 4179 Quo
1097 4124 1179 4188 magia
1191 4128 1284 4172 autera
1302 4121 1348 4169 Se

240 4211 392 4274 Satyrorum
403 4206 588 4274 inductionem,
598 4213 627 4257 et
635 4207 774 4273 antiquita·
815 4207 868 4270 tyri
880 4211 934 4255 tum
945 4202 1061 4269 eorporis
1073 4200 1153 4266 vitiis,
1169 4205 1225 4250 tum
1239 4196 1347 4248 iascivia
