3059 4925
652 369 859 420 rensuum.
1285 359 1309 425 5

200 518 288 604 Aug.
304 519 438 587 Vindel.
453 519 550 585 1599.
577 521 682 586 Β6611.
697 523 795 587 1546.
813 521 931 604 vLugd.
950 522 1047 588 1556.
1086 523 1194 589 Paris
1210 525 1306 591 1561.

199 624 297 689 1613.
324 624 459 689 Hanov.
483 624 581 690 1663.
607 626 650 691 al.
676 625 970 689 Wonuunsronr
991 625 1053 709 (V.
1078 627 1122 693 D.
1143 627 1193 694 M.
1218 629 1308 713 apud

200 726 438 792 Seedorsenses
452 748 556 811 prope
571 728 761 792 Lenaeum
776 727 974 812 Prignitzia)
989 729 1065 794 edit.
1080 729 1189 811 Lugd.
1209 733 1307 798 1511.

201 829 402 908 Hunsnuu,
425 829 600 894 Archiater
615 831 701 912 Reg.
716 832 796 896 edit.
813 830 919 895 Lond.
936 831 1032 895 1716.
1059 831 1308 899 dinumeraret

199 932 378 998 66111616
399 954 487 999 varr.
507 935 597 998 lectt.
618 935 716 998 trium
736 934 835 1000 codd.
862 933 1070 1016 Norimberg.
1097 940 1129 998 et
1142 935 1195 1000 ed.
1212 936 1307 1021 Lips.
1382 1009 1384 1012 ,

199 1036 296 1100 1502.
322 1038 542 1102 LunnMANN
564 1037 627 1122 (V.
644 1038 689 1102 D.
707 1038 755 1101 Μ.
774 1039 863 1123 apud
880 1039 1094 1103 Hollerenses
1107 1058 1212 1121 prope
1230 1039 1307 1105 Sta-

198 1140 290 1219 dam)
305 1141 358 1206 ed.
374 1140 592 1223 1166615115.
620 1142 759 1207 Hunni,
775 1144 954 1207 observatt.
974 1140 1135 1225 quasdam
1155 1143 1305 1221 criticas,

199 1242 388 1307 Hennam,
411 1246 620 1330 conjecturas
646 1246 731 1309 Mss.
754 1245 930 1311 Schraderi
959 1252 992 1310 et
1014 1245 1177 1323 Witbofii,
1207 1245 1306 1309 Bon·

198 1361 313 1424 unos,
336 1345 451 1426 Lnuz,
479 1353 513 1411 et
528 1348 599 1426 alii,
613 1350 749 1413 nuntios
770 1348 941 1411 literarios.
987 1345 1025 1409 Si
1039 1346 1122 1432 spiro
1137 1358 1167 1411 et
1184 1346 1306 1431 placeo,

202 1444 344 1512 Vestrum
358 1459 412 1528 eet,
436 1448 599 1515 Fautores
620 1452 785 1533 generosi!
809 1448 956 1531 Insignis
980 1450 1166 1532 benignitas
1184 1450 1307 1516 Vestra

198 1555 328 1636 rarique
343 1555 489 1639 exempli
511 1554 699 1618 humanitas
730 1573 823 1637 saepe
843 1554 990 1617 animum
1006 1554 1085 1626 mihi
1106 1552 1178 1636 jam
1191 1553 1307 1619 laban·

196 1657 264 1718 tem
278 1656 494 1733 confirmavit,
517 1658 612 1739 eique
634 1657 843 1741 praecipuum
866 1656 1020 1720 editionis
1039 1651 1123 1722 me'ae
1138 1675 1307 1721 omamen·

196 1763 266 1821 tum
282 1759 396 1825 debeo.
444 1761 533 1825 Dum
556 1763 666 1843 itaque
689 1762 813 1838 vivam,
837 1759 1025 1843 gratissima
1048 1759 1121 1844 ejus
1146 1760 1307 1825 memoria

187 1881 365 1952 1161166616
380 1886 424 1930 ex
437 1886 512 1929 meo
527 1864 636 1929 effluet
649 1865 771 1929 animo.

258 1966 404 2033 Remota
446 1970 495 2033 sic
525 1988 647 2052 magna
683 1968 802 2032 saltem
836 1972 931 2051 parte
967 1971 1187 2042 externorum,
1230 1965 1304 2050 qui·

193 2073 334 2137 buscum
376 2075 456 2137 mihi
491 2070 747 2137 conflictandum
777 2079 858 2149 erat,
901 2069 1219 2154 impedimentorum,
1254 2088 1306 2133 re-

193 2178 327 2241 stabant
367 2178 434 2241 alia
467 2177 564 2260 louge
598 2177 738 2261 majora,
775 2195 853 2261 quae
891 2176 970 2258 ipsa
1002 2172 1115 2256 operis
1154 2172 1305 2256 suscepti

191 2278 371 2344 difficultas
409 2278 578 2343 afferebat.
636 2276 739 2355 Nam,
780 2277 871 2361 quod
905 2296 951 2341 ex
1000 2273 1075 2338 Ind.
1111 2272 1214 2337 Editt.
1243 2292 1305 2357 ap·

191 2381 335 2467 parebit,
375 2383 502 2446 nullum
544 2381 612 2445 fere
653 2369 866 2464 ar'rtiquorum
904 2376 1078 2464 poetarum
1113 2377 1178 2441 viri
1214 2376 1306 2442 docti

191 2486 299 2568 magis
332 2486 554 2567 neglexerunt,
602 2503 705 2567 quam
752 2482 959 2560 Juvenalem,
998 2483 1058 2565 qui
1097 2481 1160 2546 hac
1195 2484 1307 2546 tumen

194 2590 411 2653 contemtione
425 2594 458 2654 et
478 2588 609 2653 incuria
630 2588 765 2652 minime
788 2607 886 2671 paene
910 2585 1059 2651 omnium
1081 2584 1201 2667 dignus
1223 2589 1306 2663 erat,

188 2690 317 2755 nullum
331 2694 525 2777 interpretes
540 2693 677 2775 argutiis
692 2712 847 2777 vanaque
861 2690 1011 2755 doctrina
1025 2691 1073 2752 ita
1084 2688 1306 2752 obscurarunt

191 2796 225 2856 et
238 2794 342 2857 veluti
357 2795 543 2860 obruerunt.
589 2793 810 2859 Desideratur
825 2794 933 2857 adbuc
947 2791 1061 2869 editio,
1085 2791 1121 2853 in
1143 2810 1210 2874 qua
1231 2795 1304 2854 tum

191 2900 379 2973 contextus,
396 2917 497 2979 quarn
512 2902 547 2969 et
568 2896 822 2962 accuratissimo
845 2899 878 2957 et
900 2890 1147 2957 modestissimo
1167 2891 1304 2972 potissi·

191 3018 282 3062 mum
303 2999 432 3083 judicio
454 3000 527 3063 fieri
552 3000 671 3084 possit,
697 2997 741 3061 ad
766 2996 865 3062 fidem
889 3001 1037 3062 veterum
1062 2992 1305 3076 exemplarium

192 3103 422 3180 constituatur,
446 3108 518 3167 tum
534 3102 652 3167 Satira
668 3103 756 3187 ipsae
780 3121 857 3166 cum
869 3120 972 3170 vsensu
996 3096 1132 3182 poetico
1151 3100 1185 3161 et
1205 3098 1305 3181 plena

191 3201 385 3268 Latinarum
406 3206 574 3270 literarum
597 3209 865 3291 scriptorumque
886 3204 1093 3268 satiricorum
1115 3201 1304 3283 cognitione

190 3305 393 3372 illustrentur
424 3311 657 3375 commentario
692 3316 855 3395 perpetuo
893 3309 1044 3390 satisque
1076 3305 1209 3383 idoneo,
1244 3302 1305 3387 qui

186 3408 313 3491 ⁴doceat
326 3411 555 3477 adolescentes
569 3434 646 3479 cum
666 3415 788 3494 fructu,
810 3415 990 3496 voluptate,
1011 3416 1046 3475 et
1059 3429 1159 3473 sensu
1173 3407 1305 3493 pulchri

191 3530 248 3577 eas
274 3515 393 3598 legere,
416 3522 450 3582 et
471 3536 539 3581 non
560 3518 661 3581 modo
690 3520 724 3581 in
745 3517 891 3600 singulis,
916 3532 993 3599 quae
1015 3518 1084 3578 16111
1106 3510 1304 3595 argumentis

192 3636 293 3698 quam
308 3639 422 3684 eorum
436 3622 633 3685 tractatione
648 3621 698 3685 ita
711 3619 877 3697 differunt,
897 3625 933 3682 ut
947 3617 1005 3681 alii
1026 3614 1168 3680 subinde
1188 3631 1304 3678 sensus

191 3720 416 3805 concipiendi
430 3723 496 3787 sint
525 3723 706 3806 interpreti,
737 3723 796 3807 661
826 3723 861 3785 16
890 3739 992 3785 ease
1020 3721 1186 3783 insinuare
1211 3717 1303 3794 velit,

186 3825 322 3905 quaevis
349 3825 542 3909 intelligere,
572 3824 755 3895 sedetiam
783 3824 962 3908 cujuslibet
990 3841 1153 3887 summam
1175 3820 1305 3883 univer·

183 3941 329 4008 ‘samque
345 3928 572 4011 praestantiam
591 3947 632 3992 ac
655 3928 795 3992 virtutes
818 3945 1030 4011 cognoscere,
1049 3945 1125 4009 quae
1148 3942 1213 3986 uon
1235 3926 1305 3985 tam

188 4025 330 4109 singulis
357 4030 467 4110 rebus,
499 4050 683 4115 earumque
720 4032 940 4096 enuntiatione
972 4035 1073 4115 atque
1105 4026 1304 4103 inventione,

181 4132 292 4212 ’666111
307 4133 440 4198 illarum
459 4136 670 4214 tractatione,
686 4135 740 4199 vel
757 4137 903 4218 partium
918 4135 1001 4199 inter
1015 4153 1051 4196 se
1067 4127 1304 4205 convenientia,

196 4237 230 4295 et
252 4234 296 4298 ad
318 4240 426 4302 totum
452 4238 693 4324 consiliumque
715 4239 910 4325 primarium
932 4235 1176 4321 conspiratione
1198 4227 1305 4298 conti·
