3059 4925
496 415 742 469 aousuonmr
765 415 909 467 rearis.
940 487 948 502 ,
1211 377 1257 468 Bi

145 575 274 643 ausum
295 570 392 637 nobis
413 569 592 649 innotuere,
606 587 673 637 nou
697 569 844 635 carmina
866 585 1000 654 quoque
1023 568 1141 636 relicta
1162 575 1257 652 sunu

107 755 111 762 1
147 674 291 759 denique
304 674 460 739 novimus
473 672 621 758 quidem,
643 673 687 737 ab
701 672 754 737 luis
767 672 823 737 vel
838 672 905 737 illis
919 670 1049 738 Satires
1063 692 1137 738 esse
1151 673 1259 758 scrip·

146 782 212 854 tas,
227 775 288 842 sed
313 776 502 859 ignoramus
526 795 630 859 saepe,
652 779 762 840 utrum
785 773 949 840 Ennianus
970 775 1092 841 fuerim
1115 776 1194 855 illm,
1214 791 1259 840 aa

146 875 379 957 Varronianae,
394 893 438 943 an
452 878 649 957 Lucilianae,
673 897 717 943 an
732 877 817 943 adeo
832 877 1032 944 dramaticus.
1076 876 1163 943 Rern
1175 897 1260 964 quo·

147 1001 212 1066 que
225 984 398 1049 turbarunt
410 983 473 1048 viri
497 981 600 1059 docfi,
615 982 673 1065 qui
696 982 751 1047 vel
775 981 812 1045 in
834 1001 964 1046 caeoam
986 980 1107 1046 molem
1122 998 1260 1066 conges-

147 1103 219 1149 sere
242 1086 393 1149 carmina
416 1085 539 1162 omnia,
563 1102 641 1169 quar
667 1084 795 1149 satirici
818 1082 911 1168 quid,
930 1084 962 1150 h.
977 1104 1008 1149 e.
1031 1086 1102 1148 sive
1116 1084 1259 1152 miscuit

147 1187 218 1254 sire
233 1186 374 1265 dicacis,
396 1188 588 1272 spirarent,²
610 1187 665 1253 vel
688 1189 873 1253 recentiora
895 1188 1043 1273 antiquis
1064 1188 1258 1254 auctoribus

147 1289 315 1369 tribuere,³
338 1291 391 1356 vel
414 1311 458 1356 ea
482 1290 566 1356 adeo
592 1292 768 1357 commenti
792 1297 879 1370 sunt,
895 1310 971 1375 quae
986 1311 1081 1356 nemo
1095 1290 1259 1375 scripsit*

147 1391 534 1476 Nequedissimilamus,
549 1393 718 1478 nosipsos
740 1392 839 1458 etiam
861 1396 980 1473 vereri,
1000 1414 1042 1459 ne
1059 1394 1181 1458 finibus
1194 1398 1260 1458 ter·

146 1495 311 1579 minisque
325 1496 424 1573 ultra,
436 1516 537 1581 quam
552 1496 635 1562 satis
649 1497 704 1574 sit,
715 1497 868 1580 prolatis,
879 1502 913 1561 ct
925 1498 1038 1563 multis
1051 1495 1259 1579 diversisque

52 1630 57 1634 ·
148 1598 355 1666 satiricorum
378 1599 561 1664 carminum
582 1599 758 1683 gonoribus
786 1602 1035 1682 coagmentatis,
1059 1598 1260 1684 implicatior

146 1699 236 1768 iacta
251 1701 296 1765 sit
309 1699 493 1787 d'mputatio
506 1707 633 1768 nostra.
678 1701 852 1788 Quicquid
866 1722 945 1768 vero
960 1704 1008 1769 ita
1032 1704 1258 1786 peccavimus,

143 1802 305 1888 juvenum
319 1824 421 1870 causa
440 1813 617 1890 peccatum
640 1813 702 1886 est,
717 1826 825 1892 eoque
838 1807 989 1885 consilio,
1003 1811 1041 1870 ut
1062 1806 1098 1871 hi
1112 1807 1260 1870 omniura

147 1904 324 1990 podiamm
339 1907 544 1989 Latinorum,
554 1913 612 1995 qui
628 1911 712 1975 inter
726 1910 878 1975 satiricos
887 1910 986 1992 vulgo
999 1907 1191 1985 referuntur,
1202 1926 1260 1972 vc·

147 2028 218 2076 ram
229 2008 377 2075 indolem
389 2017 598 2096 perspectam
611 2013 778 2088 habereut,
792 2017 836 2090 et,
850 2014 982 2096 quoties
995 2011 1112 2076 horum
1126 2010 1260 2075 nomina

148 2112 199 2177 vel
213 2112 399 2196 legerentur
411 2114 454 2179 ab
467 2115 510 2180 iis
523 2115 577 2181 vel
592 2115 790 2194 audirentur,
808 2120 896 2180 recte
909 2115 950 2179 de
963 2115 1007 2179 iis
1016 2114 1216 2200 judicarent.

651 2264 758 2317 NOTAE

179 2359 367 2413 louereiero
377 2361 404 2426 a)
420 2361 685 2430 Satiras‚insingula·
725 2380 777 2414 uon
792 2363 875 2429 magis
892 2364 943 2413 lruc
964 2367 1095 2428 spectant,
1112 2374 1188 2425 quarn
1204 2357 1261 2423 epi·

149 2450 189 2487 ras
200 2436 364 2489 adversarios
376 2439 496 2504 scriptas,
506 2456 563 2492 uc.
575 2441 685 2492 alem
726 2447 871 2508 grammata
894 2439 1024 2493 Martialis
1045 2440 1212 2504 aliorumque·
1228 2435 1261 2502 β)

150 2512 338 2579 Grammatico,
349 2515 468 2579 Pompeii
487 2516 526 2565 Μ.
538 2516 642 2581 liberto,
658 2517 684 2567 iu
726 2521 848 2571 Carsania
858 2518 1013 2571 detestanda
1030 2519 1116 2570 Curtii
1131 2518 1260 2569 Montani.

149 2590 300 2641 sallustium
317 2591 478 2653 historicum,
508 2592 546 2659 (v.
574 2595 683 2645 Suetou.
724 2598 763 2664 (r.
775 2599 840 2649 Tac.
854 2595 1085 2660 An.xv1.28.)7)
1101 2596 1222 2658 Diras,r.
1234 2609 1260 2647 c.

150 2666 266 2716 Graium.
278 2682 303 2716 e.
317 2668 369 2729 15.)
382 2667 415 2717 ab
428 2667 515 2717 Ouidio
527 2668 553 2718 iu
564 2669 685 2720 adversa·
724 2673 783 2724 Val.
795 2674 911 2736 Catonis,
928 2673 973 2738 qui
985 2673 1011 2722 in
1023 2673 1054 2722 iis
1066 2673 1174 2737 primum
1185 2685 1260 2736 agros

149 2743 215 2795 tiam
235 2742 313 2793 nobis
335 2742 461 2807 ignotum,
484 2746 553 2809 qnod
578 2760 685 2796 carmen
724 2749 833 2801 licentia
844 2750 942 2799 Sullani
954 2749 1078 2813 temporis
1091 2749 1204 2811 amissos,
1215 2748 1261 2798 de·

148 2819 310 2871 invectivum
328 2821 481 2870 Callimachi
498 2824 617 2887 exemplo
630 2823 686 2874 liis
725 2826 788 2877 lude
805 2826 916 2891 Lydiam
933 2825 1056 2875 amasium
1072 2824 1121 2873 sibl
1141 2830 1260 2887 ereptam

149 2896 296 2962 inscripsit3
309 2897 341 2948 ab
356 2897 686 2966 Eacieriamulierellqui·
726 2917 783 2953 esse
799 2904 926 2969 queritur.
937 2902 974 2968 (v.
992 2900 1152 2951 Werusdorf.
1164 2902 1182 2955 Ι.
1194 2901 1211 2949 Ι.
1231 2915 1260 2964 p.

149 2973 240 3025 tauiea
249 2975 293 3024 rel
305 2972 418 3037 Gallica,
428 2989 486 3040 qua
504 2974 573 3026 forte
585 2976 650 3028 Sec.
659 2991 686 3028 r.
727 2992 802 3030 xnvr.
813 2978 866 3044 sq.)
877 2978 922 3044 qui
933 2984 961 3028 et
971 2992 1074 3027 carmen
1086 2977 1171 3042 ipsum
1190 2975 1260 3042 typis

149 3052 191 3102 vel
215 3066 256 3102 rr.
279 3050 357 3114 vixit,
378 3052 406 3101 in
427 3065 531 3104 servam
547 3054 687 3118 quendam,
726 3055 901 3106 recudendum
911 3055 1011 3106 curavit
1020 3069 1046 3118 p.
1056 3059 1080 3104 l.
1090 3068 1133 3118 sq.

149 3131 205 3195 ejus
216 3129 324 3195 nuptias
332 3130 498 3181 ambientem.
509 3132 574 3199 (vid
585 3131 688 3183 Werns·
760 3136 829 3187 ⁸8ie
837 3136 964 3197 Pithoeua,
974 3132 1220 3197 Hennfltephanns,
1231 3137 1260 3184 et

150 3207 212 3262 dori
227 3209 247 3257 l.
262 3208 281 3260 l.
298 3223 327 3272 p.
345 3220 409 3258 axv.
427 3222 464 3274 sq.
485 3215 513 3258 et
531 3208 613 3272 ipsam
631 3210 685 3259 Sat.
728 3215 806 3281 casp.
818 3214 940 3264 Bartlrius
955 3212 1038 3263 veteri
1052 3210 1154 3262 cuidam
1171 3210 1259 3275 poitur

149 3285 372 3352 ibid-pinam)
404 3285 504 3336 Similia
517 3287 632 3337 carmina
647 3286 687 3337 ἡ·
727 3292 892 3343 tribuendam
919 3295 1046 3354 putarunt
1070 3287 1214 3352 Epistulam
1236 3301 1260 3336 s.

150 3361 423 3417 maurenascae
433 3377 449 3412 a
459 3362 687 3413 multlsinmultoa
726 3367 835 3418 Miner
845 3369 875 3417 de
892 3367 957 3428 Luc,
973 3364 1047 3428 cujus
1067 3372 1158 3416 auctor
1174 3362 1261 3427 potins

150 3442 259 3513 scripta,
276 3457 308 3492 r.·
320 3457 344 3492 c.
363 3455 380 3489 a
397 3440 458 3490 Sem
479 3439 590 3490 Vestilio
608 3441 635 3489 in
654 3442 685 3491 C.
726 3444 778 3495 fuit
799 3445 876 3495 mea
897 3441 1058 3506 Hospitsiica,
1076 3438 1260 3491 celeberrimus

151 3520 292 3583 Cesaram,
311 3519 348 3586 (v.
370 3520 433 3570 Tac.
452 3517 522 3568 Anu.
543 3533 582 3570 vl.
599 3517 638 3584 9.)
653 3520 686 3571 ab
727 3522 844 3572 Franciae
863 3519 1038 3571 Cancellarius
1060 3524 1088 3567 et
1107 3517 1146 3565 vir
1168 3513 1261 3565 summi

149 3594 269 3650 Antistio
289 3598 396 3648 Sosiano
411 3597 438 3646 in
455 3598 598 3661 Neronem,
607 3596 686 3663 (Tac.
727 3599 833 3663 ingenii,
841 3597 885 3663 qui
896 3613 912 3646 a
922 3597 982 3645 cur.
990 3599 1063 3645 157³.
1075 3602 1192 3643 mortuus
1203 3596 1259 3643 esta

150 3677 219 3729 sm.
238 3692 301 3730 xiv.
313 3683 355 3729 48.
374 3688 401 3729 et
419 3692 479 3729 xvi.
496 3675 551 3741 lt.)
571 3676 603 3727 ab
622 3677 687 3727 AElio
728 3690 753 3725 v.
767 3675 868 3725 Fabric.
881 3675 950 3724 Bibl.
969 3673 1027 3723 Lat.
1039 3686 1077 3722 iv.
1089 3677 1112 3722 l.
1129 3672 1162 3722 Τ.
1177 3684 1221 3721 rrr.
1232 3682 1261 3735 p.

150 3755 303 3818 Satmnine,
321 3756 350 3806 C.
361 3754 479 3806 (lumime
490 3763 518 3804 et
533 3753 625 3804 Sextio
636 3753 688 3803 Pae
727 3755 786 3803 244.
798 3757 826 3802 et
838 3747 995 3800 Wernsdori
1008 3750 1025 3799 l.
1037 3749 1055 3797 Ι.
1067 3762 1092 3812 p.
1106 3761 1160 3798 ur.
1174 3760 1217 3797 nv.

152 3833 262 3885 caniano
280 3832 306 3880 in
323 3832 464 3893 Tiberium,
480 3832 546 3897 (Dio
557 3830 630 3881 Casa.
640 3830 687 3880 lib.
759 3833 776 3877 4
793 3828 837 3878 lta
847 3827 1008 3876 Stratonicaea
1023 3825 1165 3874 Satirarum
1181 3821 1261 3886 scrip·

153 3920 218 3959 ml.
227 3916 297 3960 extr.
304 3910 366 3959 Tac.
376 3908 538 3958 Annuutl.
551 3915 624 3957 etri.
631 3906 687 3972 39.)
727 3903 827 3955 tordius
844 3902 1023 3952 annumeravit
1041 3900 1164 3948 Schottus
1181 3900 1207 3946 in
1218 3897 1261 3947 lu-

153 3987 285 4036 aLuoano
302 3985 329 4035 iu
350 3986 483 4036 Neronem
494 3992 522 4035 et
540 3984 688 4047 mendesi-
728 3981 789 4030 dice
809 3978 952 4029 tinctorum
975 3977 1055 4026 Plinii
1078 3975 1184 4039 Majsris
1206 3972 1260 4023 An-

153 4063 557 4130 mffl2ffi003‚(snetofl‚in
573 4062 628 4111 vito
637 4063 687 4112 Lu.
728 4063 820 4120 twerp.
847 4060 919 4106 loto.
947 4059 972 4105 8.
1022 4051 1072 4102 Sed
1097 4050 1260 4101 Stratonicus

154 4142 224 4209 mi)
233 4160 249 4193 a
263 4144 369 4195 Nmpe
380 4142 408 4190 1„
419 4139 555 4192 Afranium
569 4139 688 4191 Quincti.
727 4134 843 4197 sculptor
860 4131 921 4194 fuit,
939 4132 982 4197 qui
993 4133 1115 4194 Satyrum
1126 4127 1216 4178 finxitx
1233 4142 1261 4183 v.

155 4221 240 4287 a'num,
249 4221 346 4290 (lacit.
358 4218 427 4269 Anu.
440 4231 487 4268 ιν.
497 4215 553 4282 49.)
562 4222 615 4267 eet.
627 4231 686 4283 qua
728 4212 912 4263 Pilumni.
924 4214 963 4260 12.
