3059 4925
262 339 328 410 lto
542 349 592 400 uu
615 346 698 399 ssu.
722 346 882 411 cucrcrr,
906 345 1080 411 uoulrrr,

297 498 380 574 Hac
395 500 494 564 atate
505 493 566 583 (ab
581 513 613 562 u.
627 492 673 561 U.
687 512 720 560 c.
734 492 812 560 689.
832 492 877 559 ed
891 512 922 559 a.
933 491 1028 579 746.)
1043 491 1131 559 vixit
1143 491 1360 571 Hortarius,

221 662 223 665 ,
255 604 356 678 bomo
369 599 483 666 hilaris
497 619 538 665 ac
552 598 677 677 suevis,
692 595 801 662 comis
821 602 854 661 et
873 596 1048 674 humanus,
1062 596 1209 661 urbanus
1224 600 1260 662 et
1271 594 1363 660 sace·

255 711 322 782 tus,
356 703 440 769 levis
468 707 502 768 et
527 700 650 766 Veneri
675 699 879 783 Bacchoque
902 717 968 763 nou
990 699 1099 763 minus
1122 717 1223 782 quam
1247 695 1361 763 Musis

255 806 470 885 uetustiore
489 810 524 871 et
544 793 719 882 candidus,
734 807 848 887 gratus
868 807 901 866 et
922 800 1104 880 officiosus,
1117 800 1308 883 ingeniosus
1327 803 1363 866 et

256 909 387 988 doctus,
401 914 496 993 patre
515 926 578 973 nec
599 908 740 989 ingenuo
760 926 823 972 nec
844 903 948 984 claro,
962 904 1021 969 sed
1043 903 1131 968 bono
1155 906 1189 967 et
1209 901 1362 983 honesto,

251 1011 393 1098 assiduo
405 1030 534 1077 morum
548 1009 608 1074 filii
625 1009 764 1074 custode
783 1013 815 1073 ct
836 1012 974 1088 rectore,
988 1007 1214 1090 virtutumque
1226 1010 1260 1070 et
1273 1024 1362 1088 pree·

256 1119 389 1199 ceptore
409 1116 444 1177 et
463 1113 629 1197 exemplo,
650 1117 760 1190 naurs,
772 1111 823 1197 (v.
839 1111 910 1177 Sat.
925 1127 950 1174 1.
963 1110 997 1175 4.
1021 1110 1095 1176 105.
1110 1129 1162 1194 sq.
1176 1110 1209 1174 6.
1222 1107 1278 1174 65.
1293 1105 1364 1193 sq.)

255 1216 420 1299 praeclara
447 1212 608 1298 praeditus
636 1213 758 1293 indole,
787 1213 913 1279 artibm
940 1212 1087 1277 imbutus
1110 1207 1306 1276 liberalibus
1330 1214 1365 1275 et

253 1315 416 1395 honestis,
430 1314 654 1381 familiaritate
676 1312 871 1382 Graecorum
892 1319 927 1380 et
947 1314 1052 1380 multo
1071 1332 1181 1378 rerum
1202 1331 1267 1377 usu
1282 1307 1364 1377 sub·

255 1424 364 1497 actus,
390 1417 706 1501 elegantissimorum
732 1437 998 1502 summorumque
1019 1417 1165 1483 virorum
1189 1419 1364 1480 consuetu·

255 1520 332 1586 diue
354 1519 489 1603 politus,
510 1519 615 1602 patra
637 1517 784 1584 Caesaris
804 1519 1056 1604 principumque
1078 1517 1227 1583 civitatis
1239 1516 1364 1582 florens

256 1640 298 1690 ac
327 1626 429 1700 tutus,
451 1641 519 1688 nou
544 1625 727 1688 assectator
749 1639 863 1688 eorum
889 1623 943 1688 vel
966 1626 1150 1687 assentator
1170 1620 1305 1686 humilis
1329 1623 1365 1686 et

254 1723 465 1807 mancipium,
475 1723 566 1789 nulla
578 1721 796 1807 philosophice
811 1723 991 1807 disciplina
1008 1724 1172 1798 astrictus,
1188 1721 1248 1786 sed
1261 1719 1364 1787 modo

141 1895 144 1900 ,
256 1846 301 1892 ex
316 1825 475 1904 Zenonis,
489 1827 592 1892 modo
613 1846 657 1891 ex
679 1825 817 1911 Epicuri
837 1826 943 1892 bortis
961 1826 1062 1900 fiores
1081 1825 1274 1910 decerpens,
1294 1823 1364 1910 pri·
1468 1906 1475 1914 .

254 1934 368 1995 vatam
381 1927 543 2008 virtutem,
558 1949 635 1994 cum
654 1930 747 1996 nullu
767 1929 912 2014 amplius
931 1928 1065 2013 publica
1078 1935 1178 2009 esset,
1192 1928 1307 1994 colens
1321 1943 1364 1994 au

254 2031 468 2115 precipiens,
482 2031 596 2096 fractis
609 2031 705 2097 Bruti
718 2028 896 2116 Gassiique
916 2030 1037 2115 opibus
1058 2035 1094 2096 et
1114 2049 1244 2095 summa
1255 2048 1365 2097 rernm

256 2129 300 2197 ud
313 2150 417 2196 unum
432 2138 564 2198 senatus
576 2132 760 2217 populique
771 2151 937 2226 consensu
950 2130 1075 2211 delata,
1086 2132 1207 2197 cedens
1220 2131 1363 2199 fortunus

255 2239 288 2297 et
308 2235 412 2300 vitam
431 2235 581 2312 liberam,
596 2234 816 2314 commodam,
831 2234 932 2300 nullis
951 2234 1007 2299 vel
1027 2253 1180 2299 warum
1194 2234 1249 2300 vel
1262 2253 1365 2318 nego·

255 2335 375 2401 tiorum
389 2335 597 2419 publicorum
617 2336 779 2400 molestiis
799 2342 970 2415 vexatam,
991 2336 1094 2401 otium
1113 2336 1249 2402 liberale
1268 2355 1365 2403 secu-

255 2455 391 2522 ramque
402 2437 663 2502 mediocritatem
686 2441 829 2516 sectans,
844 2437 968 2517 animo,
981 2441 1189 2524 paupertate,
1201 2442 1236 2504 et
1248 2439 1365 2523 gloriae

256 2533 369 2606 umore
383 2539 428 2605 ad
443 2540 592 2605 carmina
605 2539 759 2604 facienda
772 2540 948 2625 impulsus.

259 2666 264 2673 ·
301 2640 384 2706 Post
407 2640 596 2726 Augustum
619 2642 716 2708 valde
743 2643 932 2734 mutabatur
953 2663 1062 2709 rerum
1086 2648 1206 2724 status,
1231 2647 1270 2712 ct
1286 2645 1366 2712 libi·

256 2744 349 2809 diues
363 2745 519 2830 vitiaque,
533 2745 661 2830 pudore
677 2748 712 2810 et
730 2745 860 2829 legibus
880 2744 989 2811 adbuc
1002 2745 1187 2826 refraenata,
1201 2751 1261 2814 aut
1274 2748 1367 2816 clam

255 2847 362 2930 magis
377 2867 479 2932 quam
492 2848 607 2933 palam
628 2847 787 2926 exercita,
804 2848 948 2913 vinculis
967 2848 1075 2931 ruptis
1096 2847 1201 2914 effuso
1214 2849 1365 2915 ferebun-

255 2943 311 3015 nr
323 2969 435 3029 cursu,
450 2955 484 3015 et
500 2951 554 3017 vel
572 2950 709 3035 publicu
731 2952 928 3017 auctoritate
946 2951 1177 3036 exemplisque
1192 2949 1365 3018 Caesarum

254 3052 492 3119 muniebantur.
535 3051 680 3118 Pessimi
693 3055 907 3138 imperatores
919 3059 1011 3119 erant
1028 3049 1179 3131 Tiberius,
1200 3052 1301 3119 bomo
1320 3053 1366 3120 ad

256 3154 423 3220 soevitiam
445 3160 479 3221 et
502 3173 599 3220 omne
619 3175 721 3239 genus
742 3156 910 3235 vitiorum,
932 3177 1008 3241 quse
1033 3156 1121 3222 vivis
1146 3155 1302 3240 Augusto
1330 3160 1367 3222 et

257 3255 459 3322 Germanico
473 3254 610 3324 Caesare
630 3264 720 3324 metu
742 3258 1007 3339 dissimileverat,
1022 3263 1143 3325 natura
1163 3277 1365 3344 propensus,

256 3356 315 3442 qui
330 3358 473 3440 comitiis
487 3361 612 3444 populo
623 3359 773 3440 ademtis,
783 3362 902 3426 castris
914 3363 1120 3446 praetorianis
1133 3366 1228 3427 extra
1238 3359 1366 3427 Urbem

257 3461 436 3540 extructis,
460 3468 494 3527 et
517 3463 675 3529 institutis
695 3464 835 3549 judiciis
859 3464 1041 3548 majestatis
1063 3463 1363 3549 delationibusque,

257 3564 380 3648 quibus
393 3563 539 3629 maxime
552 3564 743 3632 innocentes
763 3569 807 3632 ab
830 3586 871 3631 eo
893 3567 1077 3652 ceterisque
1090 3567 1237 3652 tyrannis
1251 3565 1365 3650 oppri-

257 3667 438 3745 mebantur,
450 3667 706 3733 dominationem
716 3669 887 3752 firmabat3
904 3665 1000 3732 Caius
1014 3666 1174 3756 Caligula,
1185 3672 1366 3762 monstrum

257 3767 412 3846 hominis,
427 3788 504 3834 cum
525 3770 652 3837 ratione
665 3771 854 3854 insaniens3
878 3768 1043 3852 Claudius,
1056 3772 1189 3856 iugenio
1202 3769 1366 3856 preditus

259 3871 365 3952 turdo,
387 3877 421 3937 et
446 3873 609 3938 uxoribus
635 3874 826 3958 libertisque
854 3874 1030 3967 addictus3
1063 3871 1161 3953 Nero,
1184 3873 1366 3939 sceleribus

257 3992 326 4039 non
352 3975 459 4040 minus
486 3975 629 4054 infamis,
654 3995 756 4059 quam
785 3976 941 4059 ineptiis3
974 3972 1083 4040 Galba
1105 3994 1247 4057 avarus3
1281 3972 1364 4039 otio

258 4077 370 4142 mollis
393 4085 427 4145 et
447 4078 630 4159 delicetm3
656 4073 686 4139 V
684 4074 799 4141 itellim
820 4098 944 4159 saevus,
966 4079 1120 4163 ignavus,
1144 4085 1178 4144 et
1200 4097 1266 4143 nou
1287 4096 1366 4162 pros

258 4176 371 4245 funoae
398 4180 511 4257 modo,
538 4180 598 4244 scd
622 4180 863 4267 intempestivae
891 4183 990 4257 etiam
1019 4202 1061 4247 ac
1090 4180 1237 4248 sordidae
1266 4179 1365 4263 gule.

250 4278 340 4359 rQuo
354 4282 467 4347 occiso
478 4284 685 4369 respublica
704 4303 750 4351 ex
773 4290 864 4352 tants
885 4285 983 4370 quasi
1002 4285 1162 4352 fluctrrnm
1180 4283 1365 4371 jactatione
