3059 4925
223 305 269 390 411
732 319 822 370 vrri

223 479 341 541 contra
353 492 416 539 sua
435 465 552 538 alienis
569 471 754 538 nominibus
775 469 998 553 supposuerit,
1020 473 1053 533 ot
1067 469 1208 553 quidem,
1220 471 1342 554 qualis

224 575 328 641 Poris
341 576 458 654 suerat,
481 566 673 640 libiciorum.
710 573 831 658 Itaque
848 576 880 637 et
896 567 1004 634 Romo
1020 571 1120 638 tuerit
1139 578 1278 656 oportet,
1295 582 1328 637 et

225 700 298 746 suae
322 680 443 745 indolis
467 679 694 763 experimenta
715 675 846 740 dederit
869 676 904 740 in
924 675 1072 741 literatos
1096 676 1328 741 munificentie»

156 864 165 874 ,
225 785 334 864 sirnae,
345 804 421 848 cum
433 783 606 849 luvenalis
619 783 723 846 illain
733 797 772 844 se
782 778 874 844 dicta
884 777 1048 863 suspicari
1055 787 1169 864 posset
1184 780 1328 845 Hadria
1346 797 1351 806 ’

225 905 297 967 uns,
334 887 480 954 Sicanio
501 888 578 952 anni
593 901 730 961 cxvru.
745 884 854 963 finem,
880 889 938 947 ant
961 900 1064 948 cxlx.
1089 885 1229 962 initium,
1242 884 1327 949 mitn

227 991 286 1057 uix
300 992 410 1075 potuit
423 991 458 1054 in
470 991 606 1055 exilium
619 988 642 1054 J
644 989 803 1053 uvenalis.
857 985 940 1053 Erat
953 992 1073 1064 autern,
1088 1006 1163 1051 cnm
1172 986 1329 1069 relegare·

226 1100 289 1172 tur,
313 1091 537 1179 octogenarius.
573 1092 717 1157 Proinde
737 1099 828 1154 notus
850 1091 949 1155 fuerit
973 1090 1027 1154 vel
1053 1092 1130 1154 anui
1156 1099 1328 1156 xxxvto.

226 1196 301 1274 fine,
324 1198 377 1261 vel
402 1184 545 1260 xx'xrx.
568 1196 673 1260 initio.
724 1194 809 1259 Inde
831 1195 960 1279 reliqua
981 1193 1155 1259 luvenalis
1181 1200 1329 1276 tempora

225 1288 318 1363 eruut
332 1297 540 1365 arcessenda.

270 1399 330 1466 Ait
350 1403 430 1467 vitae
454 1401 581 1470 Auctor
611 1401 680 1466 ‘ad
705 1400 848 1465 mediam
861 1398 936 1486 sere
960 1403 1090 1465 aetatem
1116 1399 1329 1493 declamasse,

227 1504 331 1568 animi
343 1507 449 1587 magis
472 1523 587 1585 causa,
603 1521 702 1591 quarn
713 1506 803 1589 quod
817 1504 941 1570 scholae
957 1508 1014 1567 ant
1025 1502 1096 1567 foro
1111 1499 1332 1585 praepararet!

227 1603 432 1689 suffragatur
467 1614 500 1672 et
525 1610 610 1692 ipse,
645 1628 722 1672 cum
751 1608 801 1671 ait
829 1628 858 1669 se
885 1604 1044 1671 consilium
1078 1601 1191 1667 dedisse
1223 1601 1330 1684 Sulla,

222 1701 372 1791 privut'us
386 1719 420 1772 ut
436 1707 537 1773 ultum
551 1707 709 1780 dormiret.
732 1709 820 1795 (Sat.
830 1726 855 1771 1.
865 1705 936 1791 16.)
958 1707 1064 1772 Plane
1079 1705 1332 1769 declamatorium

227 1810 310 1877 illad
334 1816 414 1880 erat,
427 1818 662 1894 argumentum.
707 1811 790 1875 lude
803 1808 970 1895 jocundio
993 1812 1126 1874 nomine
1140 1809 1233 1874 illum
1247 1809 1331 1874 cele-

156 1928 161 1939 '
227 1913 302 1978 brat
317 1912 492 1980 Martialis.
515 1916 624 1999 (Epig.
641 1931 706 1980 vn.
720 1915 775 1981 91.
790 1916 836 1994 l.)
859 1914 965 1979 Recte
986 1915 1140 1978 nimirum
1154 1914 1219 1991 ille,
1236 1913 1331 1977 satis*

227 2033 305 2099 que,
320 2037 381 2100 pro
395 2023 579 2102 temporum
596 2019 734 2096 ratione,
756 2037 909 2100 congrue.
955 2014 1065 2080 Medio
1080 2018 1166 2081 enim
1181 2025 1255 2079 otor
1270 2013 1334 2079 Ju·

227 2117 345 2183 uenalis
358 2122 501 2196 incurret
507 2123 543 2184 in
557 2139 690 2199 annum,
698 2139 760 2203 pro
768 2119 991 2184 nostrishisce
1002 2120 1153 2197 calculis
1165 2131 1336 2183 uxxvrrt.

228 2225 282 2287 vel
297 2239 437 2289 1111111.
450 2224 565 2287 multis
580 2229 675 2287 antea
690 2224 797 2300 annia,
807 2242 908 2306 quam
923 2223 1078 2287 scriberet
1086 2223 1144 2287 illa
1157 2222 1331 2286 Martialis.

230 2323 297 2388 Sed
310 2325 400 2388 nulla
413 2325 520 2389 adhuc
535 2330 735 2389 memoratur
760 2324 834 2408 ejus
858 2324 1034 2389 celebritas
1049 2345 1071 2388 a
1084 2343 1120 2389 rc
1134 2324 1280 2408 poiitica,
1290 2337 1334 2386 ne
1367 2401 1369 2404 Ι

230 2426 362 2510 quidem
386 2443 408 2492 a
439 2423 647 2506 Quintiliano,
667 2427 726 2492 ubi
748 2423 819 2510 agit
840 2426 881 2492 de
904 2428 1123 2511 scriptoribus
1138 2425 1333 2492 Satirarum.

230 2528 311 2593 Non
324 2530 489 2614 equidem,
500 2536 538 2595 nt
551 2531 740 2616 suspicatur
762 2530 940 2613 Rigaltius,
957 2518 1054 2614 quasi
1076 2530 1169 2595 ilium
1193 2531 1337 2598 laesisset

230 2631 295 2699 hoc
319 2633 397 2717 ipso
416 2632 604 2722 ,8111111111
625 2651 724 2718 opere
745 2632 928 2700 Juvenans.
964 2632 1107 2698 Tantum
1129 2635 1234 2712 abest,
1249 2638 1286 2698 nt
1302 2632 1336 2698 id

230 2736 369 2800 moleste
381 2735 465 2800 ferre
487 2741 739 2820 possetnoster,
758 2743 796 2801 ut
816 2756 897 2801 sane
921 2741 1036 2802 contra
1056 2737 1210 2819 nuspiam
1233 2737 1334 2816 illius,

231 2838 297 2902 nisi
311 2857 386 2903 cum
397 2839 529 2917 honore,
544 2839 734 2902 meminerit.
779 2838 846 2902 Sed
861 2844 973 2902 monet
985 2853 1099 2903 noster
1105 2840 1259 2903 lectorem
1275 2840 1336 2903 aii-

232 2941 373 3022 1101111,
388 2945 436 3020 (v.
453 2938 592 3017 Quintil.
609 2957 663 3006 rn.
679 2943 709 3005 1.
723 2946 757 3004 et
773 2941 872 3019 11.)
895 2959 931 3004 se
955 2940 1066 3006 dedita
1088 2960 1193 3024 opera
1204 2960 1226 3005 a
1239 2939 1338 3004 nomi·

232 3038 323 3106 111111
346 3040 514 3106 virentium
538 3043 709 3108 abstinere.
727 3041 792 3107 ·Et
812 3044 926 3106 multis
945 3048 1064 3127 postea
1085 3045 1180 3107 annis
1203 3043 1339 3127 scripsit

232 3143 407 3209 luvenalis
428 3145 516 3223 illas,
537 3164 621 3229 quas
642 3145 814 3223 habemus,
838 3145 975 3210 Satires.
997 3168 1002 3179 s
1021 3143 1126 3209 Addit
1150 3147 1238 3210 enim
1258 3147 1337 3211 vitae

234 3243 374 3326 Auctor,
393 3254 612 3331 posteaquam
635 3245 911 3327 declamationibus
936 3246 1155 3313 inclaruisset:
1179 3244 1339 3313 ‘Deinde

232 3357 419 3431 pancorum
431 3369 585 3414 versuum
609 3348 721 3415 Satira
743 3367 812 3415 non
823 3350 965 3415 absurde
980 3348 1167 3433 composita
1187 3351 1222 3413 in
1244 3349 1339 3414 Pan'-

235 3450 311 3514 dem
322 3448 561 3534 pantomimum
574 3452 774 3536 po‘e'tamque
799 3451 931 3516 Claudii
958 3451 1114 3530 Neronis,
1129 3453 1203 3536 ejus
1218 3470 1339 3517 semes·

234 3554 339 3617 tribus
373 3553 535 3619 militiolis
569 3559 754 3632 tumentem,
791 3573 892 3636 genus
934 3554 1106 3637 scripturae
1142 3554 1339 3618 industriose

235 3654 402 3720 excoluit?
456 3655 599 3720 Proinde
629 3654 751 3719 11111111
775 3656 866 3720 illam
892 3655 995 3720 fuisse
1016 3674 1340 3741 11111111111111111ὁ

235 3772 322 3820 auum
360 3756 499 3822 Sotirom
535 3760 649 3839 innuit,
679 3779 778 3844 quam
810 3758 946 3843 primum
982 3759 1118 3843 scripsit
1144 3759 1339 3834 luvenalist
1423 3828 1428 3837 ,

235 3874 309 3923 eam
336 3880 413 3924 cum
438 3883 500 3924 11111
536 3859 666 3924 absurde
702 3860 897 3945 compositum
933 3862 1006 3943 ipse
1037 3861 1232 3944 judicasset,
1264 3858 1340 3924 inde

236 3960 366 4027 animos
383 3965 541 4039 sumsisse
564 3960 607 4025 ud
629 3968 723 4050 genus
743 3963 900 4048 scripturo
926 3961 1111 4043 industeiose
1133 3960 1343 4027 excolendum,

236 4062 362 4143 Mansit
392 4071 503 4131 tamen
527 4068 615 4138 intra
641 4068 776 4152 privata
802 4064 962 4131 Auctoris
987 4067 1111 4131 scrinia
1133 4066 1240 4148 prima
1263 4063 1342 4147 ejus

118 4200 127 4211 =
233 4165 296 4231 1111
318 4167 353 4231 11
375 4168 441 4233 hoc
463 4186 580 4258 genere
607 4164 770 4234 scribendi
793 4169 1005 4239 exercitatio.
1037 4165 1159 4235 „Adeo
1186 4166 1354 4230 nimirum·
