3059 4925
459 325 466 334 ’
507 335 644 401 rsasrr,
666 336 716 388 ar
735 336 960 388 snvmsors.
1220 322 1285 398 lle

180 478 751 565 fflmfmusexuumm
773 478 1082 546 noeadsanctioris
1098 478 1283 566 disciplina

176 589 456 671 ,praecem-qam
479 589 513 648 et
531 584 634 647 litere
658 601 765 648 m
789 587 828 648 st
846 581 1050 648 emendatior
1072 581 1286 665 philosophia

180 688 279 752 nobis
305 686 487 763 inculcant,
500 704 543 749 ea
565 704 768 763 revocemus,
784 703 862 767 quae
884 683 1019 748 liberior
1040 683 1174 748 vivendi
1197 684 1285 748 ratio

178 787 419 865 Romanorum,
429 787 567 872 pudoris
579 787 708 869 legibus
718 794 860 852 nontam
868 786 1016 864 astricta,
1024 785 1152 850 tulerat.
1173 782 1285 867 (Qua-

178 895 316 975 propter
329 889 412 965 etii,
428 888 485 972 qui
504 888 640 951 liberius
653 887 787 952 vivendi
808 905 911 971 genus
924 886 1034 971 politis
1057 884 1283 951 Romanorum

175 991 469 1073 exprobraverunt,
490 990 602 1072 inique
622 989 729 1073 egisse
754 988 1009 1071 videntur13ncc
1038 988 1218 1071 sapientius
1244 987 1280 1066 ii,

99 1160 101 1163 .
176 1092 235 1175 qai
250 1109 356 1156 cansa
370 1109 483 1157 eornm
497 1098 663 1175 suscepta,
675 1112 720 1157 ox
737 1093 874 1176 seriptis
891 1092 1057 1176 judicium
1070 1091 1113 1154 de
1134 1088 1282 1153 moribus

176 1192 321 1278 alicujus
341 1192 529 1259 laciendum
550 1213 615 1258 non
638 1212 722 1272 esse,
737 1194 979 1278 perhibuerunt.
1025 1192 1113 1271 Quae
1137 1191 1223 1255 enim
1236 1188 1282 1254 ud

172 1293 360 1366 honestatis
387 1296 557 1373 rationem,
585 1299 661 1360 tnnc
686 1313 752 1360 usu
778 1291 946 1379 receptam
969 1299 1004 1359 ct
1031 1291 1281 1369 consuetudine,

171 1395 290 1474 relata,
303 1398 393 1461 hono
405 1398 478 1462 viro
491 1404 524 1463 et
537 1398 667 1462 liberali
679 1397 814 1481 indigna
824 1413 889 1462 non
911 1403 1015 1475 erunt,
1028 1413 1143 1459 eorum
1161 1409 1280 1477 expro·

170 1497 284 1563 bratio
294 1499 417 1584 injusta
430 1506 492 1579 cst,
506 1504 540 1563 et
550 1499 664 1584 inepta
678 1496 855 1582 defensio.)
897 1498 921 1564 J
923 1498 1070 1563 uvenniis
1082 1513 1189 1561 rerum
1211 1500 1281 1560 tur-

169 1599 357 1684 pitudinem
370 1602 542 1666 verborum
555 1602 778 1668 obscoenitate
796 1600 880 1668 adeo
894 1602 936 1666 de
951 1598 1113 1665 industria
1122 1595 1278 1683 persequi

173 1701 313 1779 videtur,
329 1708 367 1768 ut
386 1704 485 1769 facila
499 1709 673 1788 appareat,
694 1703 731 1769 id
742 1706 851 1788 egisse
864 1703 1012 1788 potitam,
1026 1708 1064 1766 ut
1077 1702 1121 1766 ab
1135 1700 1203 1765 illis
1220 1700 1278 1764 de·

171 1803 316 1868 terrimls
329 1803 503 1869 libidinum
521 1806 694 1888 generibus
710 1806 851 1870 lectores
862 1805 1080 1883 absterrreret,
1103 1801 1280 1868 sceleratos

168 1910 204 1970 et
218 1909 632 2000 abominandoshomines
658 1911 694 1975 in
718 1907 879 1975 invidiam
906 1903 1096 1986 adduceret,
1121 1905 1278 1990 gravissi·

164 2024 325 2094 mamque
358 2009 505 2076 infamias
540 2017 652 2075 notam
686 2010 731 2076 iis
766 2008 947 2076 inureret.¹⁶
1005 2009 1099 2074 Huic
1136 2008 1276 2073 consilio

608 2210 612 2219 ’
656 2191 762 2244 NO‘l'AE

201 2306 233 2352 lt
250 2302 381 2367 Rigaltius
402 2303 428 2353 in
442 2303 516 2354 Disa.
533 2305 567 2356 de
583 2306 640 2356 Sat.
657 2306 704 2360 Ju·
745 2304 962 2356 sternutamentis
977 2303 1115 2356 cerebrum
1134 2308 1274 2368 concutere

163 2393 228 2432 ren.
256 2378 517 2447 ‘Dietasuvemrm’
533 2382 626 2446 inquit,
646 2382 701 2433 ‘sic
742 2377 954 2445 medicijubentr
972 2380 1274 2432 sicadmotissatirarnm

168 2454 324 2519 accipienda
334 2464 405 2519 sunt,
413 2464 535 2523 tanquam
544 2457 701 2523 profectaah
741 2455 844 2508 facibus
870 2456 963 2509 foetida
982 2472 1121 2522 ganearum
1142 2455 1275 2523 gurgustia

166 2531 251 2596 rigido
263 2534 384 2589 veritatis
394 2535 504 2598 crrltore,
516 2535 560 2600 qui
582 2542 700 2586 naturam
740 2541 769 2584 et
779 2535 901 2585 ohseoem
920 2534 1123 2599 prostibulorum
1140 2533 1275 2599 lupanaria

89 2629 93 2638 ·
165 2607 261 2667 mem
272 2616 387 2673 secutus,
397 2612 529 2661 Virtutem
541 2626 591 2675 pro
602 2627 699 2663 summo
739 2611 859 2673 accendi,
870 2618 1012 2675 noctesque
1032 2609 1193 2660 Neronianas
1203 2609 1274 2660 illus·

164 2685 270 2734 numine
281 2685 401 2751 habebat,
410 2685 499 2738 fucum
507 2695 536 2738 et
546 2689 698 2752 imposturas
740 2687 804 2736 trari
815 2686 924 2750 profuit,
937 2686 1036 2737 utinde
1048 2686 1161 2736 excitata
1175 2684 1274 2751 spurci·

165 2758 356 2810 detestabatur.
389 2763 476 2812 Dares
496 2763 535 2812 illi
556 2764 633 2819 alium
654 2764 699 2815 du·
739 2762 789 2812 ties
806 2776 883 2812 nares
903 2768 931 2811 et
949 2760 1085 2812 cerebrum
1102 2760 1213 2822 seriret;
1239 2776 1272 2813 ac

164 2850 234 2900 cern,
254 2837 328 2887 illam
350 2838 450 2889 seilicet
472 2840 591 2891 veritatis
612 2847 700 2891 ancto-
738 2854 788 2903 per
808 2840 857 2891 hon
883 2839 1069 2888 somniculosos
1090 2838 1135 2887 ille
1161 2852 1272 2905 marcor,

162 2924 228 2976 rem,
254 2913 386 2979 ipsiusque
421 2916 528 2967 Natura
556 2917 697 2981 dominnm,
738 2916 784 2981 qui
795 2917 967 2965 Romanorum
987 2915 1083 2963 animos
1094 2921 1271 2981 oppresserat,

162 2989 698 3056 cnlastissimiviriperfactamirnaginem
737 2991 884 3041 vehementi
921 2990 1108 3054 indignatione,
1147 2996 1271 3056 tauquam

103 3130 107 3140 Ι
163 3061 324 3115 absolvisset.
357 3065 395 3115 At
407 3068 505 3116 scelera
514 3067 647 3131 perpetuis
658 3074 698 3117 to-
737 3073 953 3125 sternutamento,
982 3066 1165 3117 discuteretur.
1199 3067 1270 3118 Nam

162 3139 251 3190 nebris
268 3142 414 3193 damnanda
424 3143 513 3207 prodit
531 3150 560 3193 et
579 3144 696 3208 exponit,
736 3145 806 3211 quod
818 3144 887 3195 aliud
906 3143 986 3194 fuisse
997 3143 1112 3193 dicemus
1131 3143 1270 3195 consilium

161 3229 193 3267 ac
203 3217 319 3280 pessimo
337 3219 456 3283 exemplo
472 3220 558 3282 aperit
578 3234 636 3284 qum
655 3234 695 3270 re·
735 3223 955 3274 mnctissimurum
976 3222 1096 3282 Petrum,
1107 3221 1151 3286 qni
1163 3227 1204 3271 tot
1223 3237 1268 3273 ne·

161 3292 312 3355 prehendit.
346 3294 417 3345 Quin
436 3294 633 3359 petiusoptimo
651 3309 695 3345 ex·
735 3299 815 3351 fanda
831 3315 862 3350 ac
880 3299 1037 3350 detestanda
1045 3297 1158 3363 poetica
1171 3299 1267 3350 theolo-

79 3424 83 3427 ,
162 3366 250 3432 emplo
261 3364 363 3420 scelera
373 3371 411 3421 sic
429 3372 608 3436 reprehendit,
624 3379 695 3424 ntea
735 3379 786 3443 gia
803 3380 929 3443 mysteria
940 3375 1026 3426 rerhis
1037 3375 1117 3424 etiam
1128 3375 1268 3425 obacoenis·

161 3458 237 3495 numo
248 3460 302 3497 nun
320 3453 473 3508 metretum
491 3448 529 3497 tic
551 3449 647 3512 sperit,
663 3456 694 3501 ut
734 3455 804 3505 rimie
821 3454 991 3520 aperuerunt?
1015 3460 1088 3503 certo
1108 3467 1160 3503 non
1181 3453 1266 3505 minus

162 3533 279 3571 eeremo
289 3536 341 3573 non
354 3521 469 3572 tenebris
480 3524 594 3575 damnet.
622 3526 691 3577 Quid
732 3531 831 3595 pudeat
852 3531 948 3594 legisse
975 3529 1122 3591 Naerolum,
1141 3544 1216 3593 quam
1237 3529 1266 3585 in

159 3593 276 3647 taceret?
294 3598 427 3648 scribebat
445 3601 541 3650 saecolo
560 3601 691 3652 Cessatum
732 3607 825 3670 quinte
847 3605 958 3655 Arnobii
991 3604 1169 3667 disputatione
1195 3605 1264 3671 ithy-

157 3667 692 3740 flagitiiscontaminntissimmlegibusuna
732 3683 875 3745 punitorum
884 3682 1036 3731 Graecorum
1047 3681 1182 3742 originem.
1203 3681 1261 3732 Pla·

159 3759 217 3803 cunr
233 3748 298 3798 elisa
314 3750 510 3812 magistratuum
525 3767 589 3802 voce
606 3753 692 3802 evani·
730 3773 838 3822 rumque
850 3764 1009 3821 autcmquns
1028 3756 1061 3805 ab
1084 3756 1161 3805 rebus
1180 3758 1262 3822 turpi·

160 3820 207 3887 dis,
219 3823 339 3874 Romana
350 3826 394 3875 illa
405 3828 534 3890 quondam
542 3830 641 3881 virtute
651 3846 691 3880 so·
732 3834 779 3883 bna
790 3842 818 3883 et
839 3831 972 3898 flagitiosis
989 3847 1038 3882 nec
1049 3833 1157 3897 praemia
1171 3833 1264 3885 virtuti

159 3909 221 3961 pore
231 3914 306 3962 paene
318 3902 392 3952 letali
405 3912 591 3955 marcescente.
620 3907 690 3970 Ergo
731 3911 816 3975 posita
826 3911 1001 3974 redemerant,
1010 3924 1059 3959 nec
1068 3925 1150 3974 poeoae
1161 3909 1263 3973 legibus

160 3976 373 4038 quemadmodum
384 3980 535 4043 lethargicis
546 3982 690 4034 excitandis
731 3987 856 4052 irrogatur
868 3987 1060 4049 deterruerant,
1075 3987 1165 4049 ingens
1175 3987 1264 4036 detec-

160 4051 246 4115 Pitsm
262 4057 378 4118 crudam,
394 4056 478 4107 lanam
490 4058 631 4123 succidam,
647 4075 690 4111 ce·
732 4071 766 4115 tre
780 4064 948 4129 turpitudinis
967 4064 1052 4127 pudor
1070 4062 1218 4124 revocrvi13
1235 4068 1264 4119 st

159 4139 214 4195 ltus,
232 4132 379 4197 galbanum,
392 4135 617 4187 atsinu'liatatrns
629 4137 690 4187 ede·
731 4142 870 4195 Persarum
889 4140 1055 4192 foedissimam
1074 4140 1169 4204 fugam,
1185 4155 1263 4206 quan

160 4210 344 4271 murmontis
359 4210 507 4277 incendere,
525 4214 692 4280 evocatisque
732 4219 933 4285 necdisciplinm
940 4217 1262 4283 militarismcramentrm,
