3059 4925
616 392 651 439 D.
673 390 780 441 rursu
805 390 1018 442 turasius

579 1164 582 1169 .
641 1044 883 1135 sarran
913 998 1025 1135 n(
1084 1174 1094 1183 „

258 1281 406 1392 Uerres
423 1325 638 1391 Sauromatas
651 1325 763 1410 fugere
778 1328 853 1392 hinc
868 1329 959 1406 libet,
982 1334 1015 1392 et
1029 1327 1204 1412 glacialem
1338 1282 1343 1292 ·

258 1430 443 1504 Oceanum,
466 1428 596 1510 quoties
613 1429 738 1513 aliquid
753 1431 794 1494 de
808 1432 954 1494 moribus
966 1429 1099 1509 audent,

259 1531 328 1611 Qui
343 1529 461 1596 Curios
476 1530 631 1608 similant,
654 1538 687 1596 et
701 1532 929 1597 Bacchanalia
944 1534 1069 1598 vivunt.

289 1729 365 1777 Jasat
373 1726 459 1776 nenne
467 1725 581 1788 aufugere
587 1731 653 1776 trans
664 1727 796 1791 Sarrastes,
803 1734 827 1779 et
835 1729 982 1790 maregtucte
991 1733 1131 1790 emaum,
1140 1702 1329 1792 anianumque
1338 1710 1371 1777 de

256 1793 476 1856 moribssqrriddoar
491 1795 585 1840 tertam
595 1793 701 1856 imperiti
717 1796 794 1857 valde,
810 1795 851 1858 qai
862 1794 964 1859 flagrat
977 1795 1071 1858 Curios,
1087 1799 1111 1842 et
1127 1794 1203 1843 eitam
1214 1798 1288 1855 ogast
1301 1788 1372 1840 Bac·-

719 1956 900 1978 unumne

288 2074 301 2117 l
319 2070 384 2121 decet
393 2084 442 2135 pro
451 2069 508 2121 ster
519 2074 609 2121 lta—b
625 2070 731 2120 similat
742 2070 837 2134 scripsi
847 2085 895 2135 pro
905 2072 1030 2137 mmm,
1043 2087 1090 2122 asir
1098 2071 1207 2138 ‚quidem
1222 2068 1319 2133 invito,
1336 2083 1373 2121 aa

757 2236 864 2287 NOTAE

290 2363 303 2409 1
325 2359 396 2409 Ultra
405 2360 567 2428 Sauromatas]
583 2355 789 2431 Cumvideoby'·
830 2368 869 2432 gis
887 2367 1069 2431 triumphator,
1096 2362 1200 2415 iuterim
1221 2372 1284 2412 vero
1310 2359 1374 2410 Ro·

256 2436 376 2501 pocrisim
388 2446 415 2489 et
425 2437 524 2505 flagitia
535 2440 649 2506 ipsorum
660 2444 705 2515 qui
721 2445 789 2509 sapi·
829 2459 911 2514 manae
923 2442 1081 2508 frugalitatis
1091 2455 1181 2492 norma
1187 2439 1263 2504 juxta
1272 2433 1372 2486 acfor-

256 2522 330 2564 entes
344 2516 475 2579 videntur,
492 2524 520 2567 et
532 2533 587 2567 esse
602 2518 709 2582 debent,
729 2537 789 2585 pro·
829 2520 951 2570 titudinis
971 2519 1112 2584 specimen,
1136 2522 1167 2565 ut
1186 2514 1223 2564 ait
1242 2510 1373 2560 Valerius

255 2589 327 2641 fecto
343 2591 403 2642 bino
420 2594 531 2657 migrare
548 2595 626 2644 velim
645 2596 678 2648 in.
692 2585 790 2662 longiu-
830 2598 1013 2647 Maximnsrv.
1030 2600 1053 2646 ³.
1086 2593 1238 2644 Isoblatam
1255 2589 1288 2642 ab
1304 2589 1371 2638 hos·

256 2681 319 2742 quas
327 2669 437 2718 maxime
448 2678 538 2732 terras,
551 2671 616 2721 adeo
625 2671 791 2724 eructarunt
829 2674 898 2724 tibus
908 2674 1040 2740 ingentem
1053 2670 1173 2736 pecunias
1188 2679 1314 2717 summam
1325 2679 1375 2736 ree

256 2742 345 2792 Musae
364 2744 506 2808 depravata
522 2747 591 2812 apud
609 2747 806 2814 Philosophus,
829 2749 931 2799 cusavit
951 2748 1049 2810 dicens,
1070 2746 1148 2795 malle
1166 2759 1193 2794 se
1210 2756 1299 2791 aurum
1324 2741 1373 2789 ha·

255 2818 371 2883 dodices,
389 2821 506 2886 Nobiles,
521 2819 693 2874 Sacerdotes?
829 2824 953 2875 bentibus
972 2824 1111 2887 imperare,
1127 2834 1204 2887 qaam
1217 2833 1309 2868 aarum
1322 2818 1371 2868 ba-

286 2893 450 2960 Saaromatos]
477 2897 563 2948 Aliter
585 2900 718 2964 Sarmatas,
744 2902 790 2966 qui
828 2901 900 2950 bere.
935 2901 970 2950 Et
993 2914 1051 2949 cum
1078 2898 1207 2962 exegisset
1226 2910 1260 2945 ex
1283 2894 1371 2944 ltalia

255 2972 344 3035 populi
354 2973 537 3026 Boristhenem
552 2976 621 3027 inter
638 2993 668 3028 ac
680 2979 789 3028 Tanaim
829 2977 968 3041 Pyrrhum,
985 2975 1103 3040 epraeds
1114 2974 1194 3037 regia,
1212 2987 1270 3037 qua
1288 2985 1371 3048 eser·

254 3047 354 3111 fluvios,
378 3050 448 3100 ultra
474 3052 595 3114 paludem
625 3053 788 3116 Manendum,
828 3057 909 3104 citum
928 3053 1070 3117 urbemque
1087 3051 1192 3113 ditavit,
1212 3050 1256 3099 ille
1273 3048 1372 3114 attigit

254 3126 323 3192 vagi,
340 3124 397 3189 feri,
417 3127 537 3192 equinum
548 3128 699 3191 sanguinem
717 3130 788 3180 lacte
828 3132 898 3182 nillil.
932 3132 1015 3181 Porro
1032 3130 1148 3181 decretis
1170 3128 1302 3177 aSenatu
1321 3140 1372 3191 po·

254 3200 364 3248 mixtum
375 3202 520 3265 potabaut3
538 3202 659 3253 dicuutur
668 3220 701 3252 ex
710 3206 789 3255 Ama·
829 3210 890 3274 polo
900 3206 1016 3273 septenis
1034 3207 1128 3273 cuique
1143 3203 1280 3269 jugeribus
1297 3203 1372 3267 agri,

254 3274 359 3323 zonibos
371 3276 481 3340 oriundi,
493 3283 522 3327 ut
534 3275 591 3326 fuse
601 3285 691 3329 narrat
705 3282 790 3331 Hero-
831 3284 910 3334 Curio
922 3298 985 3333 vero
995 3282 1199 3348 quinquaginta;
1216 3279 1238 3327 is
1254 3279 1371 3341 popula-

254 3348 309 3399 dot.
321 3351 339 3398 1.
351 3363 389 3399 ιν.
401 3350 434 3400 de
445 3352 483 3402 bis
496 3353 566 3406 Plio.
577 3367 613 3423 ιγ.
625 3359 666 3404 12.
679 3363 707 3405 et
718 3358 788 3409 alibi.
829 3360 864 3408 ris
876 3358 1054 3423 assignationis
1072 3372 1102 3406 ac
1119 3369 1246 3405 mensurae
1257 3352 1371 3404 modum

218 3474 220 3478 .
254 3425 355 3476 Gellius
377 3440 416 3477 rx.
436 3433 460 3478 t.
495 3430 553 3480 Illic
573 3432 650 3483 bodie
666 3434 789 3484 'l'artaria
830 3435 959 3488 excedere
970 3434 1062 3497 noluit,
1072 3447 1162 3498 parum
1174 3430 1371 3480 idoneumRei·

252 3518 343 3568 parva,
360 3506 539 3556 etltloscoviae
551 3522 723 3573 magnapars.
828 3509 942 3574 publicae
968 3509 1050 3559 civem
1070 3507 1231 3566 existimans,
1256 3505 1303 3570 qui
1335 3520 1371 3556 ee

288 3581 419 3631 Glacialem
434 3584 564 3647 Oceanum]
583 3583 623 3634 Ad
636 3587 732 3635 Zonam
745 3602 789 3650 ge·
829 3576 896 3649 quod
915 3583 1021 3648 reliquis
1043 3584 1203 3634 tribueretur
1222 3590 1370 3633 contentus

253 3656 342 3720 lidam,
352 3673 440 3708 versus
450 3659 537 3723 Polus,
549 3661 593 3710 ubi
605 3669 714 3726 propter
725 3664 788 3712 assi·
828 3675 879 3709 non
893 3666 969 3710 esset.
1004 3660 1077 3709 Idem
1094 3657 1149 3708 fere
1160 3664 1248 3707 narrat
1259 3657 1370 3709 Plinius

254 3733 332 3785 dnum
351 3734 432 3800 frigus
452 3745 528 3787 terrae
548 3740 660 3803 steriles,
682 3748 710 3790 et
727 3742 789 3791 binc
829 3741 948 3787 ivm-3·
974 3737 1044 3786 Curii
1063 3725 1168 3803 quidem
1187 3742 1249 3799 poet
1272 3735 1370 3785 trium·

253 3812 416 3873 rariincola,
435 3814 504 3877 iique
522 3821 629 3879 egentes
645 3823 672 3866 et
690 3818 788 3881 miseri,
827 3813 892 3876 piros
904 3819 966 3863 uota
984 3812 1075 3862 concio
1096 3819 1149 3874 est,
1166 3811 1259 3875 iuquit,
1276 3810 1371 3874 perni-

252 3903 332 3950 parvo
345 3888 506 3953 victitantes,
524 3892 685 3957 proindeque
697 3908 790 3957 parum
827 3889 925 3938 ciosum
937 3904 995 3939 eum
1012 3889 1123 3953 intelligi
1139 3889 1232 3950 civem,
1250 3888 1294 3936 cui
1305 3903 1368 3963 sep·

252 3963 348 4014 vitiosi.
664 4013 667 4016 ,
827 3972 879 4013 tem
892 3966 947 4029 agri
955 3965 1050 4028 jugera
1060 3979 1111 4014 non
1124 3971 1212 4014 essent
1223 3964 1297 4016 satis.

285 4043 300 4088 8
319 4041 406 4090 Curios
414 4041 535 4104 similant]
546 4041 787 4093 vPraet'ernntritam
859 4041 1032 4105 Bacchanalia]
1051 4040 1083 4090 In
1093 4042 1186 4107 quibus
1197 4041 1369 4090 seminarium

254 4117 433 4174 continentem
445 4122 608 4180 etsanetam,
620 4121 720 4182 qualem
732 4121 789 4184 egit
827 4117 908 4167 omnis
930 4118 1062 4183 spurcitia
1082 4117 1311 4181 aceurptmdinrs,
1334 4121 1369 4167 ot

253 4188 293 4236 M.
305 4188 349 4237 ille
361 4191 453 4240 Curius
468 4192 610 4255 Dentatus,
626 4194 788 4256 Sabinorum,
828 4192 917 4242 videre
929 4200 968 4242 est
978 4194 1046 4258 apud
1065 4194 1165 4244 Livium
1179 4202 1279 4240 xxxta.
1289 4195 1315 4241 8.
1336 4200 1369 4242 et

252 4263 405 4331 Samnitum,
412 4267 585 4332 Lucanorum,
595 4275 622 4318 et
633 4269 730 4333 Pyrrbi
735 4270 789 4321 Re·
828 4275 947 4334 sequent.
