3059 4925
513 385 755 438 nousnonnu
780 385 923 437 nosris
1224 367 1270 438 98

173 547 238 612 tit:
251 549 272 580 ‘¹
283 541 329 609 Ut
341 542 404 609 hoc
419 539 573 608 affirmari
588 542 648 608 vix
666 546 740 607 tuto
760 541 851 619 licet,
874 560 949 606 curn
971 540 1083 625 plores
1100 537 1211 606 Rufos
1233 541 1268 607 in

172 648 325 733 epistolis
348 651 505 712 memoret
530 645 668 725 Plinius,
691 648 738 711 ita
762 654 797 711 et
821 645 904 709 illud
932 644 1028 709 valde
1052 645 1200 724 dubium,
1225 659 1269 710 an

174 752 348 817 Satiricam
377 749 456 814 Ruti
482 747 598 836 poesin
624 747 790 816 Martialis
819 747 955 814 laudare
977 749 1128 815 voluerit.
1178 749 1270 815 Nam

170 875 247 919 curn
270 854 313 919 de
338 854 478 937 imagine
504 852 652 918 Socratis
674 871 784 918 sermo
809 853 865 932 sit,
889 871 989 937 quern
1010 853 1096 917 simo
1120 854 1212 919 vultu
1236 861 1270 922 et

171 957 293 1022 Silenis
318 958 417 1022 simili
439 958 553 1035 fuisse,
576 976 712 1040 gemrmo
736 958 883 1041 antiquae
905 954 1036 1035 docent,
1061 961 1173 1040 potest
1196 958 1270 1023 haec
1329 1009 1333 1014 .

171 1063 242 1126 esse
258 1061 418 1130 sententia
433 1060 611 1138 Martialis,
634 1067 673 1123 ut
687 1058 790 1138 dicat,
812 1059 941 1124 vultum
960 1058 1166 1124 Socraticum
1190 1059 1271 1126 Ruti

170 1165 269 1249 quasi
282 1165 364 1228 inter
385 1164 522 1248 Satyros
535 1163 650 1241 fuisse,
673 1167 730 1228 aut
743 1181 819 1225 eum
834 1162 962 1226 urisurn
977 1179 1005 1227 a
1013 1161 1167 1228 Satiricis
1189 1160 1271 1248 po'e‘-

170 1268 234 1333 tis:
277 1264 448 1333 Annuus
471 1266 691 1343 Consonus,
713 1264 933 1351 philosophus
957 1263 1103 1344 Stoicus,
1125 1267 1271 1351 magicos

169 1368 284 1454 polita,
306 1368 357 1455 (v,
373 1370 508 1435 Sueton.
522 1370 582 1434 vit.
598 1364 738 1452 Persii‚)
760 1372 794 1433 et
815 1372 1001 1452 praeceptor
1022 1366 1143 1447 Persii,
1157 1367 1271 1455 (cujus

170 1472 284 1537 Satira
309 1490 344 1538 v,
366 1475 398 1537 ei
421 1472 580 1556 inscripta
604 1469 684 1550 est)
707 1471 811 1535 multa
828 1471 965 1554 scripsit
983 1470 1217 1556 philosophica
1239 1479 1272 1539 et

170 1576 344 1654 rhetorica,
370 1574 418 1662 (v.
447 1575 571 1641 Euseb.
600 1577 634 1641 in
663 1574 787 1640 Chrou.
814 1575 857 1638 ad
883 1593 915 1638 a.
940 1574 1039 1640 2083.
1070 1574 1211 1642 Hieron.
1238 1579 1273 1641 in

171 1679 278 1763 Epist.
304 1680 346 1744 ad
368 1679 528 1762 Magnum
548 1685 719 1757 oratorem,
742 1684 776 1742 et
798 1677 934 1755 Suidas,
959 1679 1016 1761 qui
1039 1684 1146 1743 tamur
1166 1681 1273 1746 multa

170 1782 214 1846 de
238 1802 281 1846 eo
303 1782 390 1847 salsa
408 1788 442 1847 et
464 1783 576 1867 inepta
600 1778 728 1866 tradit)
749 1781 835 1846 sorte
862 1785 895 1845 et
918 1780 1067 1845 libellum
1090 1782 1132 1846 de
1155 1789 1274 1849 natura

173 1885 333 1964 Deorum,
348 1886 406 1969 qui
428 1884 588 1949 Phuruuti
608 1882 708 1964 vulgo
728 1902 850 1947 nomen
872 1902 943 1966 prae
968 1903 1005 1948 se
1027 1885 1101 1962 fert,
1122 1905 1185 1949 nec
1206 1906 1273 1951 non

170 1988 408 2053 commentaria
421 1987 456 2049 in
469 1986 646 2070 Virgilium
660 1992 694 2051 et
705 1986 811 2050 libros
825 1985 866 2049 (11
889 1985 1002 2067 liguris
1021 1988 1272 2053 sententiarum:

171 2089 220 2176 (r.
243 2089 334 2156 Gell.
352 2105 393 2155 11.
412 2091 445 2155 6.
471 2106 525 2155 rx.
539 2091 573 2155 9.
595 2096 629 2155 et
651 2089 804 2154 Macrob.
821 2085 944 2172 v.19.)
967 2108 988 2152 a
1011 2087 1142 2154 Nerone
1163 2078 1273 2156 autern

171 2199 306 2278 propter
324 2191 458 2256 liberius
482 2191 523 2255 de
544 2191 617 2275 ejus
639 2192 842 2256 carminibus
860 2190 1023 2276 judicium
1044 2193 1148 2257 exilio
1168 2196 1274 2260 mulc-

171 2301 263 2361 tatus
277 2301 340 2374 est,
354 2295 404 2382 (v.
417 2295 540 2360 Euseb.
553 2295 577 2359 l.
592 2295 616 2360 l.
630 2301 665 2359 et
679 2295 748 2359 llio
763 2293 862 2360 Cass.
881 2310 978 2359 nxlr.
993 2292 1095 2380 extr.)
1108 2303 1141 2362 et
1155 2304 1276 2381 postea

172 2398 363 2464 interiectus
388 2417 463 2464 curn
487 2397 658 2464 Musonio.
687 2396 747 2484 (cf.
764 2396 888 2463 Suidas
901 2403 936 2463 et
949 2395 1052 2464 Voss.
1070 2399 1112 2464 de
1125 2400 1200 2467 hist.
1216 2402 1273 2467 lat.

175 2519 199 2568 1.
212 2502 268 2568 26.
292 2503 353 2566 nbi
367 2502 516 2567 diversas
536 2503 742 2567 narrationes
761 2503 837 2568 illas
857 2503 904 2568 ita
922 2500 1144 2587 conciliavit.)
1186 2504 1275 2569 Eun·

36 2668 37 2671 ,
173 2605 249 2669 dem
278 2605 508 2690 composuisse
538 2606 677 2685 Satiras,
706 2604 871 2689 colligitur
899 2626 945 2670 ex
974 2607 1085 2671 verbis
1114 2606 1276 2690 Fulgentii

36 2780 38 2817 k
173 2708 367 2773 Planciadis
380 2711 417 2774 in
431 2711 576 2794 exposit.
599 2729 697 2774 serm.
711 2715 778 2775 ant.
823 2708 1067 2774 ‘Titivillitinm
1090 2707 1158 2773 dici
1179 2709 1275 2774 volu·

36 2840 37 2875 f
174 2818 269 2878 erunt
281 2811 338 2876 fila
352 2812 498 2895 putrida,
512 2833 588 2896 quae
603 2812 646 2877 de
659 2813 735 2878 telis
750 2811 884 2876 cadunt.
928 2809 1069 2893 Plautus
1091 2808 1216 2875 Casina
1236 2829 1277 2876 ιι.

175 2914 206 2979 5.
221 2915 276 2980 39.
322 2914 401 2979 Non
422 2934 484 2998 ego
506 2915 598 2980 istud
619 2916 757 2980 verbum
780 2915 933 2979 emsitem
954 2911 1137 2990 titivillitio,
1158 2913 1193 2976 id
1214 2921 1276 2994 est,

175 3036 211 3080 re
237 3016 416 3083 admodum
439 3017 612 3083 vilissima.
657 3017 748 3083 Nam
774 3023 808 3083 et
833 3015 885 3081 Μ.
908 3013 1073 3080 Cornutus
1097 3014 1132 3078 in
1158 3015 1279 3101 Satyra

176 3118 244 3184 ait:
269 3118 437 3185 Titivilles
463 3118 587 3184 Flacco
613 3118 656 3185 do
681 3117 762 3186 tibi:
807 3118 862 3185 Ita
883 3120 970 3183 hunc
992 3116 1104 3180 locum
1128 3119 1279 3184 exhibuit

177 3220 354 3285 Muncker.
382 3221 418 3285 in
445 3219 611 3306 Mythogr.
640 3221 714 3287 Lat.
742 3221 784 3286 Τ.
811 3239 853 3286 11.
877 3243 912 3306 p.
937 3222 1012 3287 175.
1057 3221 1279 3287 Casaubonus

176 3343 254 3388 vero
268 3322 311 3387 de
326 3322 394 3387 Sat.
404 3323 503 3388 Rom.
518 3345 553 3408 p.
562 3325 628 3390 234
642 3325 764 3390 11235.
781 3324 831 3389 ita
845 3323 963 3390 citavit
975 3331 1143 3409 postrema
1156 3328 1277 3391 verba:

178 3425 382 3491 ‘'litivillitii
410 3432 463 3491 sat
491 3427 573 3491 cedo
602 3425 685 3507 tibi,’
710 3433 744 3493 et
771 3427 846 3492 haec
877 3431 1065 3493 annotavit:
1097 3426 1278 3491 tFortasse

177 3526 371 3611 legendum:
401 3528 590 3595 'liuviffiuo
616 3532 701 3595 istas
732 3528 815 3595 cedo
839 3529 921 3595 tibi:
971 3526 1057 3614 (Sed
1076 3551 1110 3594 v.
1132 3527 1278 3594 Gronov.

179 3631 221 3697 ad
235 3630 354 3696 Plaut.
367 3632 388 3695 l.
404 3630 444 3718 l.)
488 3631 628 3697 Videtur
641 3632 695 3697 hic
711 3650 786 3696 esse
800 3629 950 3696 Annaeus
966 3628 1152 3695 Cornutus:
1178 3649 1279 3713 quam

179 3733 310 3797 obrem
331 3736 434 3798 verba
455 3735 562 3799 Persii
578 3735 648 3800 Sat.
664 3752 698 3796 v.
712 3736 766 3799 15.
791 3754 867 3818 quae
888 3735 951 3798 sub
973 3753 1116 3818 persona
1139 3731 1279 3796 Cornuti

180 3836 450 3916 pronunciantur:
475 3841 485 3869 ‘
501 3837 661 3920 pallentes
674 3836 789 3900 radere
802 3856 910 3901 mores
924 3837 1068 3915 DoctuS,
1088 3841 1122 3899 et
1135 3837 1280 3913 ingenuo

181 3937 311 4020 culpam
325 3937 466 4021 deligere
479 3938 580 4018 ludo,’
601 3941 649 4005 ita
661 3945 743 4023 puto
766 3939 975 4024 accipienda,
997 3945 1035 4002 ut
1048 3940 1140 4002 dicat
1154 3935 1280 3999 Cornu·

179 4041 247 4116 tus,
262 4058 298 4102 se
312 4038 465 4104 Persium
478 4041 679 4125 discipulum
693 4061 789 4106 suum
803 4042 839 4104 in
851 4041 1036 4105 scribendis
1054 4038 1173 4102 Satiris
1188 4055 1281 4099 exer·

184 4140 303 4219 tuisse,
329 4145 362 4204 et
385 4141 449 4207 hac
473 4143 652 4207 occasione
676 4142 852 4220 interdum,
875 4143 968 4206 velut
991 4138 1138 4222 exempli
1165 4156 1280 4214 causa,

185 4239 310 4317 satiras
330 4242 527 4330 scripsisse?
570 4245 683 4311 Satira
706 4243 823 4310 Gnvn
846 4244 931 4330 (non
956 4240 1069 4305 Gelbii
1093 4240 1147 4307 vel
1169 4234 1281 4314 Gabii,
