3059 4925
624 406 831 457 annulum.
1257 379 1283 461 9

179 552 365 639 poenitcret,
392 558 492 636 atqua
520 551 574 631 iis,
601 555 661 637 qui
692 557 857 639 longiores
885 555 1131 639 disputationes
1165 557 1207 624 de
1231 565 1283 627 tot

179 657 358 740 exquisitis
373 655 505 720 dicendi
518 656 680 734 formulis,
690 659 855 741 rebusque
866 659 1229 744 historicismythiciS,
1240 682 1282 728 ac

177 759 420 843 geographicis
433 760 545 823 ubivis
565 760 599 823 in
613 760 807 826 doctissimo
821 761 921 845 poeta
934 763 1056 840 obviis,
1071 765 1283 847 requirerent,

178 861 313 947 (quales
324 863 451 945 passim
460 860 697 947 inveniuntur,)
710 883 775 928 non
785 864 921 928 laterent
934 867 1113 944 uberiores,
1124 869 1210 932 unde
1224 890 1283 935 eas

180 969 337 1046 peterent,
353 964 471 1041 fontes,
486 963 667 1048 etquidem
689 967 840 1050 plerique
863 968 916 1031 vel
943 968 1027 1032 adeo
1050 989 1175 1048 omneS,
1192 978 1237 1050 ut,
1254 973 1284 1038 si

178 1064 267 1130 bunc
281 1067 335 1131 vel
349 1067 443 1131 illum
454 1067 544 1131 adire
557 1087 622 1131 non
637 1075 785 1151 possent,
796 1068 890 1154 (quae
903 1072 1005 1134 tristis
1020 1072 1197 1135 multorum
1211 1094 1286 1139 sors

179 1171 260 1253 est,)
274 1170 318 1235 ad
331 1170 414 1235 ulios
429 1170 651 1253 confugerent.
697 1173 851 1256 Denique
868 1175 911 1237 iis
926 1173 1038 1253 etiarn,
1055 1177 1112 1259 qui
1127 1176 1206 1240 talia
1218 1194 1286 1239 non

177 1276 380 1354 desiderant,
392 1297 432 1341 eo
444 1277 617 1361 prospexi,
629 1277 718 1361 quod
729 1278 788 1343 illa
797 1280 906 1362 redegi
921 1281 955 1344 iu
969 1281 1111 1345 formam
1124 1287 1285 1358 notarum,

179 1396 266 1460 quas
280 1381 447 1462 praeterire
461 1385 612 1464 possunt.

226 1480 405 1565 Praecipue
418 1503 550 1567 quoqne
564 1504 646 1548 cura
658 1484 740 1549 mihi
753 1486 816 1550 fuit
829 1485 914 1564 haec,
938 1491 1054 1550 utnon
1069 1486 1169 1550 modo
1184 1485 1287 1551 editio

178 1602 257 1649 mea
281 1584 472 1668 juvenibus,
495 1587 657 1651 bonarum
680 1590 848 1653 literarum
873 1590 1047 1667 studiosis
1072 1591 1192 1673 quibus
1214 1611 1288 1658 eam

179 1688 393 1769 potissimum
421 1689 601 1768 destinavi,
626 1692 715 1774 plue,
746 1713 848 1777 quam
876 1694 944 1757 ulla
972 1693 1051 1771 alia,
1081 1692 1125 1756 ad
1154 1691 1288 1777 poetam

177 1789 353 1871 legendum
376 1791 686 1878 intelligendumque
709 1795 892 1879 proliceret,
907 1817 967 1860 uec
993 1796 1173 1880 quicquam
1193 1796 1289 1859 inea

178 1893 392 1970 omitteretur,
415 1895 507 1978 quod
530 1917 662 1961 crucem
687 1898 730 1961 iis
754 1897 852 1979 ligere
875 1904 1008 1983 posset3
1040 1899 1098 1962 sed
1122 1900 1289 1963 doctiores

178 1994 295 2073 etiam,
321 1996 356 2059 in
382 1998 469 2063 locis
497 2005 584 2064 certe
611 2000 871 2078 obscurioribus,
894 2001 987 2064 illam
1010 2002 1199 2084 inspexisse
1223 2019 1289 2064 non

178 2117 317 2180 prorsus
330 2101 468 2182 pigeret,
485 2104 592 2186 iisque
607 2103 637 2165 si
650 2121 718 2166 non
731 2102 898 2183 ingenium
911 2106 1101 2183 rectumque
1111 2100 1289 2183 judicium,

180 2201 301 2265 saltem
315 2202 462 2266 studium
474 2206 664 2287 probarem,
683 2204 843 2268 varietate
855 2204 1008 2268 lectionis
1023 2224 1042 2266 e
1056 2209 1104 2267 tot
1118 2202 1291 2268 codicibus

178 2311 350 2389 excerpta.
396 2306 540 2372 Duobus
551 2310 663 2391 itaque
680 2305 1004 2372 animadversionum
1019 2307 1194 2389 generibus
1204 2306 1290 2370 hanc

178 2407 358 2475 editionem
380 2410 606 2476 instruendam
628 2411 770 2495 putavi3
803 2431 940 2496 quorum
965 2412 1104 2475 alterum
1128 2412 1292 2496 spectaret

179 2511 225 2576 ed
248 2533 363 2578 veram
377 2512 553 2580 Juvenalis
578 2517 754 2581 lectionem
777 2515 1053 2598 investigandam,
1079 2513 1164 2599 (quo
1190 2513 1291 2576 etiam

180 2612 342 2678 Excursaa
372 2619 547 2700 pertinent,
575 2619 610 2681 in
638 2637 723 2701 quos
750 2619 950 2701 prolixiores
977 2617 1085 2682 critici
1110 2614 1290 2697 argumenti

180 2720 429 2786 observationes
443 2717 573 2804 rejeci)
597 2721 737 2784 alterum
759 2740 838 2785 vero
862 2720 906 2784 ad
929 2740 1038 2784 rerum
1051 2719 1292 2800 verborumque

180 2821 395 2887 difficultates
409 2822 637 2888 removendas,
684 2822 814 2886 Etenim
827 2842 935 2905 neque
958 2841 1071 2885 eorum
1093 2821 1179 2884 ratio
1201 2819 1292 2883 insti·

178 2931 354 3010 tutumque
372 2924 576 3010 probandum
593 2924 733 3002 videtur,
749 2925 887 3007 quinon
902 2925 966 2987 nisi
986 2925 1020 2987 in
1039 2928 1134 2986 textu
1147 2921 1292 2986 auctoris

180 3027 327 3114 alicujus
342 3029 537 3112 corrigendo
550 3029 714 3105 laborant,
731 3027 879 3111 satisque
897 3026 1020 3092 habent
1036 3025 1205 3089 variarum
1227 3024 1293 3088 lec-

179 3132 311 3197 tionum
334 3133 530 3216 farraginem
555 3130 703 3215 undique
732 3130 769 3194 in
792 3118 894 3193 unum
924 3129 1133 3209 congessisse
1158 3126 1293 3207 locnm;

180 3255 290 3319 neque
314 3256 439 3317 eorum,
460 3237 517 3320 qui
541 3214 594 3299 res
619 3240 746 3300 tantum
768 3240 801 3298 et
822 3233 924 3298 rerba
947 3231 1119 3315 scriptoris
1133 3230 1295 3294 illustrare

179 3338 371 3405 instituunt.
441 3339 531 3404 Illud
571 3357 632 3421 per
670 3356 707 3400 se
744 3336 880 3420 quidem
909 3337 1032 3399 bonum
1063 3338 1095 3396 et
1123 3332 1205 3396 utile
1223 3334 1294 3407 est,

183 3460 245 3504 nec
269 3445 378 3505 tamen
404 3438 524 3506 sufficit
548 3441 590 3507 ad
615 3439 738 3503 librum
764 3459 838 3502 cum
867 3437 978 3500 fructu
1003 3433 1201 3517 legendum
1231 3431 1296 3495 hoc

159 3534 309 3621 autem,
336 3540 402 3607 nisi
425 3543 606 3625 legitimam
636 3541 735 3605 crisin
765 3539 935 3616 adhibeam,
967 3537 1099 3622 quade
1127 3555 1206 3599 vera
1230 3534 1297 3598 lec·

182 3645 276 3708 tione
298 3649 439 3724 constet,
467 3644 654 3728 saepissime
688 3661 808 3726 parum
844 3640 1019 3725 procedit:
1063 3658 1142 3702 nam
1177 3637 1297 3701 frustra

181 3747 407 3830 interpretari,
427 3745 600 3810 conaberis
631 3751 717 3823 ante,
741 3764 842 3827 quam
872 3747 1030 3827 corrupta
1060 3738 1296 3806 emendaveris

188 3846 309 3935 Neque
330 3869 410 3913 vero
432 3849 558 3915 criticae
588 3853 677 3911 notae
712 3847 754 3910 ab
784 3847 848 3910 bac
881 3845 1024 3911 editione
1057 3846 1173 3909 alienae
1195 3861 1318 3940 prop·⁸

187 3956 276 4017 terea
304 3951 478 4017 censendae
508 3955 595 4029 sunt,
619 3950 708 4034 quod
735 3950 903 4034 juventuti-
931 3968 973 4013 ea
1003 3950 1040 4012 in
1069 3947 1186 4030 primis
1216 3961 1297 4007 con·

186 4056 313 4120 uultum
345 4055 449 4119 volui.
517 4053 608 4118 Nam
621 4082 625 4089 -
639 4054 682 4117 ad
712 4052 909 4118 Juvenelem
942 4072 1017 4116 cum
1050 4051 1158 4115 furctu
1188 4048 1298 4129 legen·

186 4156 268 4222 dum
298 4157 324 4223 ii
356 4156 488 4222 demum
519 4157 747 4233 admittuntur,
782 4156 841 4240 qui
874 4161 1015 4219 mentem
1046 4155 1118 4239 jam
1147 4150 1296 4233 aliquan-

187 4262 260 4339 tum
302 4259 473 4326 literarum
515 4259 726 4343 antiquarum
760 4256 879 4322 studiis
915 4257 1101 4335 excoluere,
1147 4253 1296 4351 adeoque
