3059 4925
498 343 639 410 ranan,
663 347 710 397 ar
731 345 958 400 inveniere.
1204 328 1269 394 ΗΠ

32 509 34 584 ζ
164 515 232 582 que
244 491 508 572 accommodata,
532 494 577 558 ab
591 493 670 577 ipsa
682 495 821 558 veritate
836 499 1004 576 suggesta,
1018 492 1120 559 menti
1135 493 1268 577 penitus

32 599 34 656 l
164 598 270 664 infixa
283 596 424 675 herens,
447 601 480 661 et
500 615 574 661 eam
589 596 735 662 suaviter
750 595 906 662 afficiens.
953 596 1089 661 Horatii
1110 600 1270 680 praeterea

164 699 448 785 philosophiaest
471 699 529 764 illa
550 699 644 778 vitae,
669 719 746 784 quae
770 698 879 777 docet,
905 699 1100 783 potentiam,
1123 698 1269 775 divitias,

32 857 34 864 ,
164 807 336 866 externum
351 803 569 887 splendorem,
596 808 630 866 et
644 803 793 886 vulgaria
816 802 986 866 hominum
1000 799 1110 865 studia
1124 805 1272 865 contem·

163 922 241 968 nere
263 923 305 969 ac
325 902 483 988 deridere,
507 903 555 968 nil
569 903 735 982 admirari,
757 904 790 970 lr.
805 924 834 967 e.
858 901 956 967 valde
970 903 1024 967 vel
1045 911 1192 967 metuere
1216 901 1272 967 vel

165 1023 297 1090 cupere,
340 1006 610 1090 tranquillitatem
636 1008 766 1084 mentis,
807 1007 909 1070 otium
945 1010 979 1069 et
1002 1004 1272 1070 mediocritatem

165 1127 317 1173 securam
328 1109 483 1186 hominis,
503 1127 570 1173 uon
584 1110 619 1172 in
633 1108 720 1187 aula,
736 1109 795 1173 sed
816 1110 852 1172 in
872 1127 1006 1172 recessu
1020 1107 1122 1172 libere
1140 1125 1182 1171 ae
1205 1106 1272 1171 sibi

165 1207 319 1289 viventis,
335 1224 536 1277 summorum
549 1213 710 1277 bonorum
727 1213 802 1277 loco
817 1217 946 1295 putare,
960 1197 1059 1275 rebus
1074 1211 1156 1287 suis,
1172 1211 1272 1275 etiam

32 1345 33 1352 κ
165 1312 311 1395 exiguis,
333 1318 524 1378 contentum
548 1332 634 1392 esse,
674 1313 895 1397 presentibus
923 1314 1001 1377 laete
1023 1311 1098 1389 frui,
1129 1330 1196 1376 non
1216 1330 1271 1376 so·

165 1412 295 1479 licitum
317 1413 500 1494 defuturis,
515 1415 570 1479 vel
584 1418 730 1482 externis
744 1416 928 1480 obnoxium
942 1434 1028 1492 esse,
1044 1434 1150 1497 neque
1164 1419 1271 1492 extra,

167 1515 224 1581 sed
249 1518 336 1581 intra
360 1536 398 1581 se
425 1536 539 1584 veram
561 1536 709 1602 quaerere
732 1518 935 1596 felicitatem,
960 1517 1124 1582 fortunam
1153 1516 1272 1581 aDeo

167 1624 281 1701 petere
292 1624 326 1682 et
339 1639 361 1683 a
375 1638 412 1683 se
424 1619 501 1702 ipso
516 1639 644 1685 sumere
658 1619 858 1703 sapientiam
872 1620 1040 1704 animique
1052 1619 1259 1702 aequitatem.

213 1718 393 1799 Horatius,
408 1726 447 1786 ut
459 1721 603 1787 lectores
623 1726 657 1785 et
677 1723 814 1786 suavius
826 1722 969 1787 afficeret
990 1726 1023 1785 et
1035 1721 1273 1798 vehementius,

32 1885 33 1890 ,
167 1822 280 1887 multis
302 1824 414 1888 satiris
434 1825 489 1889 vel
509 1825 726 1908 epistolarum
755 1826 810 1889 vel
833 1825 1007 1890 dramatici
1029 1824 1185 1890 carminis
1207 1823 1275 1888 for·

32 1925 34 2012 ᾗ
168 1941 257 1988 mam
279 1925 395 1990 induit.
449 1924 635 2010 Utramque
662 1928 822 1991 rationem
852 1929 959 1992 secuti
979 1933 1055 1991 sunt
1084 1925 1220 1989 Persius
1241 1929 1275 1989 et

32 2021 34 2048 ³
166 2025 350 2095 luvenalis.
394 2030 473 2109 Sed,
486 2035 523 2096 ut
536 2037 678 2110 taceam,
689 2032 733 2095 ab
747 2032 1056 2095 hisunamtantum
1070 2029 1272 2113 alterumue

32 2133 34 2216 ᾗ
169 2134 363 2197 sententiam
385 2139 420 2197 et
442 2134 622 2217 argumenti
636 2138 959 2217 partem,nnnquam
974 2151 1053 2196 vero
1073 2130 1156 2196 illud
1169 2135 1275 2195 totum

32 2225 34 2284 l
100 2263 102 2266 ·
168 2233 203 2297 in
226 2234 342 2300 drama
374 2241 409 2301 et
435 2237 598 2301 actionem
624 2237 781 2315 converti,
813 2236 920 2301 Persii
949 2235 1110 2318 dialogus,
1131 2232 1274 2318 poeticae

32 2355 34 2426 ς
170 2336 309 2402 similior
319 2344 371 2403 est
391 2337 520 2421 figure,
535 2357 647 2421 quam,
662 2344 700 2404 ut
723 2338 943 2416 Horatianus,
958 2336 1081 2403 vividae
1101 2355 1211 2400 rernm
1223 2355 1275 2401 re·

32 2435 33 2499 ἶ
168 2441 426 2522 praesentationi,
454 2459 532 2526 quae
559 2459 681 2525 magna
717 2431 951 2507 sententiarum
973 2439 1146 2517 varietate,
1169 2438 1276 2522 gratia

32 2588 34 2595 .
169 2559 207 2604 ac
221 2542 379 2621 novitate,
394 2542 566 2625 ingeniose
581 2561 800 2626 personarum
814 2543 954 2622 delectu,
970 2546 1003 2607 et
1022 2542 1145 2625 insigni
1160 2559 1274 2605 earum

32 2720 33 2729 ἵ
170 2641 338 2724 cogitandi
360 2642 582 2727 loquendique
603 2646 817 2728 proprietate,
840 2644 980 2710 mirifice
1000 2644 1171 2709 delectat.⁹
1213 2642 1276 2707 Ju-

32 2742 34 2819 ξ
168 2743 296 2807 venalis
326 2745 453 2828 saepius
482 2744 635 2810 docentis
656 2750 715 2815 aut
744 2746 961 2813 declamantis
991 2750 1103 2829 partes
1128 2743 1276 2820 sustinet,

32 2836 34 2863 ³
170 2864 269 2932 quam
290 2846 375 2911 alios
399 2847 627 2932 colloquentes
640 2847 787 2914 inducit:
809 2849 909 2934 hujus
922 2830 1041 2915 ‘tamea
1062 2846 1142 2910 artis
1164 2844 1276 2909 Hora·

32 2998 34 3039 ἰ
170 2947 268 3013 danae
291 2948 454 3014 defectum
475 2955 670 3034 compensat
689 2950 941 3016 vividisrerum
964 2949 1178 3031 imaginibus,
1202 2965 1276 3010 sen·

32 3094 33 3099 κ
167 3050 341 3115 tentiarum
358 3052 494 3116 veritate
516 3057 549 3116 et
568 3053 743 3136 gravitate,
772 3053 994 3135 dictionisque
1017 3049 1273 3135 proprietate·—

169 3147 225 3217 Aa
239 3152 359 3218 iisdem
375 3152 498 3237 poetis,
513 3152 574 3219 sed
593 3174 615 3219 a
636 3154 757 3241 Persio
772 3159 805 3220 et
825 3154 990 3219 Juvenale
1013 3152 1150 3236 saepias,
1171 3170 1275 3234 quam

170 3253 214 3319 ab
228 3251 386 3332 Horatio,
397 3255 512 3320 induci
522 3257 629 3322 solent
642 3257 835 3335 adversarii,
848 3276 891 3320 ne
905 3255 984 3321 ficto
997 3254 1130 3342 quidem
1143 3253 1276 3318 nomine

170 3352 325 3438 insigniti.
381 3354 470 3435 Quae
494 3377 548 3423 ars
567 3378 633 3424 non
655 3364 717 3438 est,
739 3360 830 3444 quod
855 3359 954 3423 nobis
979 3356 1175 3441 displiceat:
1198 3374 1276 3420 nam

170 3457 335 3541 pulchrior
357 3463 408 3523 est
432 3459 543 3542 imago
567 3465 601 3524 et
624 3459 804 3537 efficacior,
827 3480 904 3545 quae
927 3459 1082 3543 personis
1105 3458 1275 3522 animatur.

171 3556 348 3626 Enimvero
362 3562 469 3627 multa
482 3569 659 3629 occurrunt
671 3563 759 3641 loca,
775 3564 810 3627 in
833 3562 957 3647 quibus
979 3580 1047 3626 non
1068 3561 1151 3625 satis
1172 3558 1277 3623 maui-

171 3661 273 3726 festus
288 3668 341 3728 est
361 3662 526 3747 dialogus,
541 3669 574 3729 et
593 3666 628 3729 in
652 3665 753 3729 dubio
765 3660 922 3748 positum,
936 3668 1048 3727 utrum
1068 3662 1182 3738 verba,
1197 3676 1276 3745 quae

173 3763 330 3846 leguntur,
340 3764 407 3830 sint
418 3764 601 3830 adversarii
613 3766 740 3849 aliquid
748 3754 964 3850 opponentis,
974 3761 1135 3850 anpo'etae
1150 3763 1276 3828 ironice

175 3863 499 3950 loquentis-Quod
521 3868 566 3932 ad
587 3868 749 3952 epistolas
772 3867 899 3944 attinet,
912 3865 1110 3932 Horatianae
1132 3864 1279 3930 maxime

673 4054 781 4108 NOTAE

246 4244 251 4256 Ι
377 4189 394 4235 t)
411 4185 445 4235 V.
457 4185 576 4237 Wieland
594 4187 628 4238 ad
646 4186 1038 4241 stantemstantem.
