<?xml version="1.0" encoding="UTF-8"?>
<!DOCTYPE html PUBLIC "-//W3C//DTD XHTML 1.0 Transitional//EN"
    "http://www.w3.org/TR/xhtml1/DTD/xhtml1-transitional.dtd">
<html xmlns="http://www.w3.org/1999/xhtml" xml:lang="en" lang="en">
 <head>
  <title>
</title>
<meta http-equiv="Content-Type" content="text/html;charset=utf-8" />
  <meta name='ocr-system' content='tesseract 3.04.00' />
  <meta name='ocr-capabilities' content='ocr_page ocr_carea ocr_par ocr_line ocrx_word'/>
</head>
<body>
  <div class='ocr_page' id='page_1' title='image "./operaomnia02unkngoog_0069.png"; bbox 0 0 3059 4925; ppageno 0'>
   <div class='ocr_carea' id='block_1_1' title="bbox 628 305 1295 374">
    <p class='ocr_par' dir='ltr' id='par_1_1' title="bbox 628 305 1295 374">
     <span class='ocr_line' id='line_1_1' title="bbox 628 305 1295 374; baseline 0.006 -4"><span class='ocrx_word' id='word_1_1' title='bbox 628 322 852 374; x_wconf 67' lang='lat' dir='ltr'><strong>inveneris.</strong></span> <span class='ocrx_word' id='word_1_2' title='bbox 1249 305 1295 374; x_wconf 63' lang='lat' dir='ltr'><strong><em>w</em></strong></span> 
     </span>
    </p>
   </div>
   <div class='ocr_carea' id='block_1_2' title="bbox 163 463 1296 1374">
    <p class='ocr_par' dir='ltr' id='par_1_2' title="bbox 163 463 1296 1374">
     <span class='ocr_line' id='line_1_2' title="bbox 182 463 1295 553; baseline -0.004 -13"><span class='ocrx_word' id='word_1_3' title='bbox 182 463 394 552; x_wconf 49' lang='lat' dir='ltr'><strong>tharseus</strong></span> <span class='ocrx_word' id='word_1_4' title='bbox 412 469 543 553; x_wconf 68' lang='lat' dir='ltr'><strong>sigum</strong></span> <span class='ocrx_word' id='word_1_5' title='bbox 559 487 626 538; x_wconf 91' lang='lat' dir='ltr'><strong>nou</strong></span> <span class='ocrx_word' id='word_1_6' title='bbox 638 468 802 546; x_wconf 80' lang='lat' dir='ltr'><strong>solebant,</strong></span> <span class='ocrx_word' id='word_1_7' title='bbox 817 468 1024 538; x_wconf 76' lang='lat' dir='ltr'><strong>esu-nisae</strong></span> <span class='ocrx_word' id='word_1_8' title='bbox 1036 469 1113 538; x_wconf 73' lang='lat' dir='ltr'><strong>ln.</strong></span> <span class='ocrx_word' id='word_1_9' title='bbox 1157 466 1295 538; x_wconf 83' lang='lat' dir='ltr'><strong>Juucurrr</strong></span> 
     </span>
     <span class='ocr_line' id='line_1_3' title="bbox 183 567 1295 661; baseline 0.002 -23"><span class='ocrx_word' id='word_1_10' title='bbox 183 579 295 650; x_wconf 59' lang='lat' dir='ltr'><strong>eutem</strong></span> <span class='ocrx_word' id='word_1_11' title='bbox 311 576 367 636; x_wconf 79' lang='lat' dir='ltr'><strong>eut</strong></span> <span class='ocrx_word' id='word_1_12' title='bbox 386 567 414 633; x_wconf 83' lang='lat' dir='ltr'><em>V</em></span> <span class='ocrx_word' id='word_1_13' title='bbox 415 569 516 638; x_wconf 79' lang='lat' dir='ltr'><strong>iusum</strong></span> <span class='ocrx_word' id='word_1_14' title='bbox 530 571 656 639; x_wconf 91' lang='lat' dir='ltr'><strong>nullum</strong></span> <span class='ocrx_word' id='word_1_15' title='bbox 678 589 814 657; x_wconf 80' lang='lat' dir='ltr'><strong>prorsus</strong></span> <span class='ocrx_word' id='word_1_16' title='bbox 839 576 1023 655; x_wconf 71' lang='lat' dir='ltr'><strong>agnoscunt</strong></span> <span class='ocrx_word' id='word_1_17' title='bbox 1036 571 1154 640; x_wconf 75' lang='lat' dir='ltr'><strong>bonnm</strong></span> <span class='ocrx_word' id='word_1_18' title='bbox 1167 577 1295 661; x_wconf 82' lang='lat' dir='ltr'><strong>tempo·</strong></span> 
     </span>
     <span class='ocr_line' id='line_1_4' title="bbox 183 671 1295 757; baseline 0.007 -21"><span class='ocrx_word' id='word_1_19' title='bbox 183 693 258 742; x_wconf 85' lang='lat' dir='ltr'><strong>rum</strong></span> <span class='ocrx_word' id='word_1_20' title='bbox 270 673 362 740; x_wconf 84' lang='lat' dir='ltr'><strong>Festi</strong></span> <span class='ocrx_word' id='word_1_21' title='bbox 375 675 456 748; x_wconf 84' lang='lat' dir='ltr'><strong>inter</strong></span> <span class='ocrx_word' id='word_1_22' title='bbox 468 672 630 742; x_wconf 78' lang='lat' dir='ltr'><strong>Consules</strong></span> <span class='ocrx_word' id='word_1_23' title='bbox 640 672 846 740; x_wconf 82' lang='lat' dir='ltr'><strong>Ordiumios.</strong></span> <span class='ocrx_word' id='word_1_24' title='bbox 863 671 1002 739; x_wconf 75' lang='lat' dir='ltr'><strong>Res-tim</strong></span> <span class='ocrx_word' id='word_1_25' title='bbox 1012 693 1091 757; x_wconf 84' lang='lat' dir='ltr'><strong>ergo</strong></span> <span class='ocrx_word' id='word_1_26' title='bbox 1103 672 1295 744; x_wconf 59' lang='lat' dir='ltr'><strong>Jrruiumrer</strong></span> 
     </span>
     <span class='ocr_line' id='line_1_5' title="bbox 163 774 1296 865; baseline 0.006 -24"><span class='ocrx_word' id='word_1_27' title='bbox 163 813 170 825; x_wconf 92' lang='lat'><strong>·</strong></span> <span class='ocrx_word' id='word_1_28' title='bbox 185 782 311 859; x_wconf 72' lang='lat' dir='ltr'><strong>puniunt</strong></span> <span class='ocrx_word' id='word_1_29' title='bbox 335 775 460 842; x_wconf 79' lang='lat' dir='ltr'><em>Codices</em></span> <span class='ocrx_word' id='word_1_30' title='bbox 475 785 508 844; x_wconf 87' lang='lat' dir='ltr'><strong>et</strong></span> <span class='ocrx_word' id='word_1_31' title='bbox 520 774 591 859; x_wconf 83' lang='lat' dir='ltr'><strong>fide</strong></span> <span class='ocrx_word' id='word_1_32' title='bbox 606 777 729 861; x_wconf 83' lang='lat' dir='ltr'><strong>puriter</strong></span> <span class='ocrx_word' id='word_1_33' title='bbox 747 783 781 843; x_wconf 89' lang='lat' dir='ltr'><strong>et</strong></span> <span class='ocrx_word' id='word_1_34' title='bbox 796 776 1091 862; x_wconf 81' lang='lat' dir='ltr'><strong>aumeropotiores,</strong></span> <span class='ocrx_word' id='word_1_35' title='bbox 1105 780 1296 865; x_wconf 86' lang='lat' dir='ltr'><strong>nequidem</strong></span> 
     </span>
     <span class='ocr_line' id='line_1_6' title="bbox 185 879 1296 967; baseline 0.008 -23"><span class='ocrx_word' id='word_1_36' title='bbox 185 879 278 944; x_wconf 82' lang='lat' dir='ltr'><strong>metri</strong></span> <span class='ocrx_word' id='word_1_37' title='bbox 297 882 423 946; x_wconf 80' lang='lat' dir='ltr'><strong>milone</strong></span> <span class='ocrx_word' id='word_1_38' title='bbox 436 880 635 964; x_wconf 73' lang='lat' dir='ltr'><strong>refragante,</strong></span> <span class='ocrx_word' id='word_1_39' title='bbox 648 885 685 945; x_wconf 92' lang='lat' dir='ltr'><strong>ut</strong></span> <span class='ocrx_word' id='word_1_40' title='bbox 700 881 773 967; x_wconf 84' lang='lat' dir='ltr'><strong>jum</strong></span> <span class='ocrx_word' id='word_1_41' title='bbox 792 879 873 944; x_wconf 89' lang='lat' dir='ltr'><strong>olim</strong></span> <span class='ocrx_word' id='word_1_42' title='bbox 894 880 1085 945; x_wconf 81' lang='lat' dir='ltr'><strong>observavit</strong></span> <span class='ocrx_word' id='word_1_43' title='bbox 1099 880 1296 952; x_wconf 71' lang='lat' dir='ltr'><strong>Salmasius.</strong></span> 
     </span>
     <span class='ocr_line' id='line_1_7' title="bbox 185 981 1294 1067; baseline 0.002 -15"><span class='ocrx_word' id='word_1_44' title='bbox 185 982 232 1052; x_wconf 81' lang='lat' dir='ltr'><strong>Et</strong></span> <span class='ocrx_word' id='word_1_45' title='bbox 248 981 382 1066; x_wconf 85' lang='lat' dir='ltr'><strong>quidem</strong></span> <span class='ocrx_word' id='word_1_46' title='bbox 404 981 538 1046; x_wconf 80' lang='lat' dir='ltr'><strong>Junium</strong></span> <span class='ocrx_word' id='word_1_47' title='bbox 550 982 719 1066; x_wconf 82' lang='lat' dir='ltr'><strong>duplicem</strong></span> <span class='ocrx_word' id='word_1_48' title='bbox 737 982 860 1048; x_wconf 77' lang='lat' dir='ltr'><strong>babent</strong></span> <span class='ocrx_word' id='word_1_49' title='bbox 880 982 976 1050; x_wconf 83' lang='lat' dir='ltr'><strong>Fasti</strong></span> <span class='ocrx_word' id='word_1_50' title='bbox 999 985 1109 1050; x_wconf 82' lang='lat' dir='ltr'><strong>ooaevi</strong></span> <span class='ocrx_word' id='word_1_51' title='bbox 1125 983 1294 1067; x_wconf 70' lang='lat' dir='ltr'><strong>iuvenali,</strong></span> 
     </span>
     <span class='ocr_line' id='line_1_8' title="bbox 186 1082 1295 1171; baseline 0.002 -19"><span class='ocrx_word' id='word_1_52' title='bbox 186 1086 290 1162; x_wconf 85' lang='lat' dir='ltr'><strong>ulium</strong></span> <span class='ocrx_word' id='word_1_53' title='bbox 305 1085 487 1152; x_wconf 81' lang='lat' dir='ltr'><strong>Domitiani</strong></span> <span class='ocrx_word' id='word_1_54' title='bbox 500 1088 534 1150; x_wconf 90' lang='lat' dir='ltr'><strong>in</strong></span> <span class='ocrx_word' id='word_1_55' title='bbox 551 1101 590 1150; x_wconf 77' lang='lat' dir='ltr'><strong>x,</strong></span> <span class='ocrx_word' id='word_1_56' title='bbox 613 1082 798 1150; x_wconf 80' lang='lat' dir='ltr'><strong>Consulatu</strong></span> <span class='ocrx_word' id='word_1_57' title='bbox 812 1082 993 1167; x_wconf 77' lang='lat' dir='ltr'><strong>collegam,</strong></span> <span class='ocrx_word' id='word_1_58' title='bbox 1009 1083 1295 1171; x_wconf 79' lang='lat' dir='ltr'><strong>AppiumJuuium</strong></span> 
     </span>
     <span class='ocr_line' id='line_1_9' title="bbox 187 1186 1293 1265; baseline 0.007 -16"><span class='ocrx_word' id='word_1_59' title='bbox 187 1186 460 1265; x_wconf 67' lang='lat' dir='ltr'><strong>Sabinumque</strong></span> <span class='ocrx_word' id='word_1_60' title='bbox 486 1187 623 1256; x_wconf 86' lang='lat' dir='ltr'><strong>Domini</strong></span> <span class='ocrx_word' id='word_1_61' title='bbox 650 1203 830 1265; x_wconf 70' lang='lat' dir='ltr'><strong>nxxxrv,</strong></span> <span class='ocrx_word' id='word_1_62' title='bbox 855 1187 957 1254; x_wconf 80' lang='lat' dir='ltr'><strong>ulium</strong></span> <span class='ocrx_word' id='word_1_63' title='bbox 977 1186 1146 1254; x_wconf 78' lang='lat' dir='ltr'><strong>Hadriani</strong></span> <span class='ocrx_word' id='word_1_64' title='bbox 1170 1190 1206 1254; x_wconf 91' lang='lat' dir='ltr'><strong>in</strong></span> <span class='ocrx_word' id='word_1_65' title='bbox 1229 1210 1293 1258; x_wconf 88' lang='lat' dir='ltr'><strong>suo</strong></span> 
     </span>
     <span class='ocr_line' id='line_1_10' title="bbox 184 1286 1294 1374; baseline 0.002 -20"><span class='ocrx_word' id='word_1_66' title='bbox 184 1289 299 1355; x_wconf 89' lang='lat' dir='ltr'><strong>itidem</strong></span> <span class='ocrx_word' id='word_1_67' title='bbox 322 1289 505 1356; x_wconf 84' lang='lat' dir='ltr'><strong>Consulatu</strong></span> <span class='ocrx_word' id='word_1_68' title='bbox 521 1308 575 1356; x_wconf 80' lang='grc' dir='ltr'><strong>ιιι.</strong></span> <span class='ocrx_word' id='word_1_69' title='bbox 592 1291 751 1374; x_wconf 77' lang='lat' dir='ltr'><strong>collegam</strong></span> <span class='ocrx_word' id='word_1_70' title='bbox 778 1286 820 1357; x_wconf 79' lang='lat' dir='ltr'><strong>Q.</strong></span> <span class='ocrx_word' id='word_1_71' title='bbox 837 1286 971 1354; x_wconf 84' lang='lat' dir='ltr'><strong>Juuium</strong></span> <span class='ocrx_word' id='word_1_72' title='bbox 996 1287 1170 1356; x_wconf 82' lang='lat' dir='ltr'><strong>Rusticum.</strong></span> <span class='ocrx_word' id='word_1_73' title='bbox 1216 1292 1294 1374; x_wconf 81' lang='lat' dir='ltr'><strong>Quo</strong></span> 
     </span>
    </p>
   </div>
   <div class='ocr_carea' id='block_1_3' title="bbox 47 1392 1294 1480">
    <p class='ocr_par' dir='ltr' id='par_1_3' title="bbox 47 1392 1294 1480">
     <span class='ocr_line' id='line_1_11' title="bbox 47 1392 1294 1480; baseline 0.004 -23"><span class='ocrx_word' id='word_1_74' title='bbox 47 1425 49 1428; x_wconf 96' lang='lat'>·</span> <span class='ocrx_word' id='word_1_75' title='bbox 184 1394 296 1472; x_wconf 77' lang='lat' dir='ltr'><strong>minus</strong></span> <span class='ocrx_word' id='word_1_76' title='bbox 319 1395 407 1477; x_wconf 89' lang='lat' dir='ltr'><strong>prior</strong></span> <span class='ocrx_word' id='word_1_77' title='bbox 431 1393 567 1476; x_wconf 81' lang='lat' dir='ltr'><strong>intelligi</strong></span> <span class='ocrx_word' id='word_1_78' title='bbox 585 1393 701 1478; x_wconf 88' lang='lat' dir='ltr'><strong>possit,</strong></span> <span class='ocrx_word' id='word_1_79' title='bbox 723 1392 860 1460; x_wconf 83' lang='lat' dir='ltr'><strong>obstent</strong></span> <span class='ocrx_word' id='word_1_80' title='bbox 881 1393 939 1458; x_wconf 85' lang='lat' dir='ltr'><strong>illu</strong></span> <span class='ocrx_word' id='word_1_81' title='bbox 959 1395 1080 1474; x_wconf 84' lang='lat' dir='ltr'><strong>omnin,</strong></span> <span class='ocrx_word' id='word_1_82' title='bbox 1098 1415 1176 1480; x_wconf 80' lang='lat' dir='ltr'><strong>quoe</strong></span> <span class='ocrx_word' id='word_1_83' title='bbox 1198 1398 1294 1464; x_wconf 87' lang='lat' dir='ltr'><strong>iubis</strong></span> 
     </span>
    </p>
   </div>
   <div class='ocr_carea' id='block_1_4' title="bbox 176 1491 1296 4253">
    <p class='ocr_par' dir='ltr' id='par_1_4' title="bbox 176 1491 1296 4253">
     <span class='ocr_line' id='line_1_12' title="bbox 183 1491 1293 1580; baseline 0.007 -22"><span class='ocrx_word' id='word_1_84' title='bbox 183 1495 270 1579; x_wconf 82' lang='lat' dir='ltr'><strong>ipsis</strong></span> <span class='ocrx_word' id='word_1_85' title='bbox 298 1496 414 1560; x_wconf 82' lang='lat' dir='ltr'><strong>Satiris</strong></span> <span class='ocrx_word' id='word_1_86' title='bbox 442 1501 626 1574; x_wconf 85' lang='lat' dir='ltr'><strong>occurrunt,</strong></span> <span class='ocrx_word' id='word_1_87' title='bbox 657 1491 834 1560; x_wconf 68' lang='lat' dir='ltr'><strong>immutari</strong></span> <span class='ocrx_word' id='word_1_88' title='bbox 862 1496 1066 1580; x_wconf 85' lang='lat' dir='ltr'><strong>temporibus</strong></span> <span class='ocrx_word' id='word_1_89' title='bbox 1102 1500 1293 1566; x_wconf 73' lang='lat' dir='ltr'><strong>recentiore·</strong></span> 
     </span>
     <span class='ocr_line' id='line_1_13' title="bbox 184 1597 1294 1686; baseline 0.005 -24"><span class='ocrx_word' id='word_1_90' title='bbox 184 1597 406 1664; x_wconf 84' lang='lat' dir='ltr'><strong>Posteriorem</strong></span> <span class='ocrx_word' id='word_1_91' title='bbox 427 1619 505 1682; x_wconf 82' lang='lat' dir='ltr'><strong>orgo</strong></span> <span class='ocrx_word' id='word_1_92' title='bbox 529 1599 728 1666; x_wconf 80' lang='lat' dir='ltr'><strong>intellexerit</strong></span> <span class='ocrx_word' id='word_1_93' title='bbox 754 1604 886 1684; x_wconf 85' lang='lat' dir='ltr'><strong>oportet</strong></span> <span class='ocrx_word' id='word_1_94' title='bbox 911 1618 997 1665; x_wconf 84' lang='lat' dir='ltr'><strong>anna</strong></span> <span class='ocrx_word' id='word_1_95' title='bbox 1022 1600 1116 1668; x_wconf 80' lang='lat' dir='ltr'><strong>AErm</strong></span> <span class='ocrx_word' id='word_1_96' title='bbox 1148 1607 1294 1686; x_wconf 76' lang='lat' dir='ltr'><strong>reseptos</strong></span> 
     </span>
     <span class='ocr_line' id='line_1_14' title="bbox 185 1697 1293 1784; baseline 0.002 -18"><span class='ocrx_word' id='word_1_97' title='bbox 185 1716 297 1766; x_wconf 78' lang='lat' dir='ltr'><strong>cxix.</strong></span> <span class='ocrx_word' id='word_1_98' title='bbox 343 1700 422 1768; x_wconf 87' lang='lat' dir='ltr'><strong>Hoc</strong></span> <span class='ocrx_word' id='word_1_99' title='bbox 440 1720 519 1783; x_wconf 78' lang='lat' dir='ltr'><strong>ergo</strong></span> <span class='ocrx_word' id='word_1_100' title='bbox 543 1720 631 1768; x_wconf 82' lang='lat' dir='ltr'><strong>enno</strong></span> <span class='ocrx_word' id='word_1_101' title='bbox 643 1706 713 1768; x_wconf 78' lang='lat' dir='ltr'><strong>emt</strong></span> <span class='ocrx_word' id='word_1_102' title='bbox 729 1699 870 1764; x_wconf 71' lang='lat' dir='ltr'><strong>inutilia</strong></span> <span class='ocrx_word' id='word_1_103' title='bbox 886 1697 1054 1768; x_wconf 71' lang='lat' dir='ltr'><strong>luvenalis</strong></span> <span class='ocrx_word' id='word_1_104' title='bbox 1064 1702 1159 1768; x_wconf 82' lang='lat' dir='ltr'><strong>testis</strong></span> <span class='ocrx_word' id='word_1_105' title='bbox 1169 1723 1293 1784; x_wconf 89' lang='lat' dir='ltr'><strong>eurum,</strong></span> 
     </span>
     <span class='ocr_line' id='line_1_15' title="bbox 186 1798 1295 1889; baseline 0.005 -21"><span class='ocrx_word' id='word_1_106' title='bbox 186 1823 274 1887; x_wconf 85' lang='lat' dir='ltr'><strong>quus</strong></span> <span class='ocrx_word' id='word_1_107' title='bbox 299 1804 432 1881; x_wconf 83' lang='lat' dir='ltr'><strong>deridet,</strong></span> <span class='ocrx_word' id='word_1_108' title='bbox 454 1805 609 1880; x_wconf 71' lang='lat' dir='ltr'><strong>rixarum.</strong></span> <span class='ocrx_word' id='word_1_109' title='bbox 655 1803 723 1870; x_wconf 85' lang='lat' dir='ltr'><strong>Sed</strong></span> <span class='ocrx_word' id='word_1_110' title='bbox 745 1823 825 1870; x_wconf 83' lang='lat' dir='ltr'><strong>veru</strong></span> <span class='ocrx_word' id='word_1_111' title='bbox 850 1798 953 1866; x_wconf 84' lang='lat' dir='ltr'><strong>Roma</strong></span> <span class='ocrx_word' id='word_1_112' title='bbox 976 1803 1071 1868; x_wconf 89' lang='lat' dir='ltr'><strong>illum</strong></span> <span class='ocrx_word' id='word_1_113' title='bbox 1092 1803 1213 1889; x_wconf 86' lang='lat' dir='ltr'><strong>ejicere</strong></span> <span class='ocrx_word' id='word_1_114' title='bbox 1229 1826 1295 1873; x_wconf 90' lang='lat' dir='ltr'><strong>uon</strong></span> 
     </span>
     <span class='ocr_line' id='line_1_16' title="bbox 184 1903 1295 1993; baseline 0.001 -19"><span class='ocrx_word' id='word_1_115' title='bbox 184 1907 296 1990; x_wconf 86' lang='lat' dir='ltr'><strong>potuit</strong></span> <span class='ocrx_word' id='word_1_116' title='bbox 314 1903 476 1991; x_wconf 78' lang='lat' dir='ltr'><strong>i’rajarrar,</strong></span> <span class='ocrx_word' id='word_1_117' title='bbox 491 1906 549 1991; x_wconf 84' lang='lat' dir='ltr'><strong>qni</strong></span> <span class='ocrx_word' id='word_1_118' title='bbox 572 1907 616 1971; x_wconf 84' lang='lat' dir='ltr'><strong>ub</strong></span> <span class='ocrx_word' id='word_1_119' title='bbox 639 1926 725 1972; x_wconf 89' lang='lat' dir='ltr'><strong>anno</strong></span> <span class='ocrx_word' id='word_1_120' title='bbox 740 1927 843 1992; x_wconf 87' lang='lat' dir='ltr'><strong>usque</strong></span> <span class='ocrx_word' id='word_1_121' title='bbox 867 1924 960 1974; x_wconf 87' lang='lat' dir='ltr'><strong>cxrr.</strong></span> <span class='ocrx_word' id='word_1_122' title='bbox 992 1906 1112 1974; x_wconf 73' lang='grc' dir='ltr'>Βοωω</span> <span class='ocrx_word' id='word_1_123' title='bbox 1132 1908 1204 1993; x_wconf 87' lang='lat' dir='ltr'><strong>ipse</strong></span> <span class='ocrx_word' id='word_1_124' title='bbox 1225 1927 1295 1975; x_wconf 90' lang='lat' dir='ltr'><strong>non</strong></span> 
     </span>
     <span class='ocr_line' id='line_1_17' title="bbox 186 2008 1293 2094; baseline 0.005 -23"><span class='ocrx_word' id='word_1_125' title='bbox 186 2008 295 2088; x_wconf 78' lang='lat' dir='ltr'><strong>affuit,</strong></span> <span class='ocrx_word' id='word_1_126' title='bbox 306 2029 368 2075; x_wconf 85' lang='lat' dir='ltr'><strong>neo</strong></span> <span class='ocrx_word' id='word_1_127' title='bbox 381 2010 480 2076; x_wconf 82' lang='lat' dir='ltr'><strong>etiem</strong></span> <span class='ocrx_word' id='word_1_128' title='bbox 494 2017 569 2078; x_wconf 83' lang='lat' dir='ltr'><strong>unte</strong></span> <span class='ocrx_word' id='word_1_129' title='bbox 592 2030 711 2076; x_wconf 83' lang='lat' dir='ltr'><strong>annum</strong></span> <span class='ocrx_word' id='word_1_130' title='bbox 726 2026 861 2076; x_wconf 85' lang='lat' dir='ltr'><strong>cxvru.</strong></span> <span class='ocrx_word' id='word_1_131' title='bbox 877 2030 944 2094; x_wconf 91' lang='lat' dir='ltr'><strong>quo</strong></span> <span class='ocrx_word' id='word_1_132' title='bbox 963 2008 1107 2076; x_wconf 57' lang='lat' dir='ltr'><strong>&amp;mem</strong></span> <span class='ocrx_word' id='word_1_133' title='bbox 1120 2011 1212 2077; x_wconf 83' lang='lat' dir='ltr'><strong>venit</strong></span> <span class='ocrx_word' id='word_1_134' title='bbox 1226 2011 1293 2077; x_wconf 88' lang='lat' dir='ltr'><strong>Im·</strong></span> 
     </span>
     <span class='ocr_line' id='line_1_18' title="bbox 184 2109 1295 2200; baseline 0.003 -22"><span class='ocrx_word' id='word_1_135' title='bbox 184 2117 328 2198; x_wconf 82' lang='lat' dir='ltr'><strong>perator,</strong></span> <span class='ocrx_word' id='word_1_136' title='bbox 349 2109 542 2177; x_wconf 79' lang='lat' dir='ltr'><strong>Hadrianus.</strong></span> <span class='ocrx_word' id='word_1_137' title='bbox 566 2111 686 2178; x_wconf 87' lang='lat' dir='ltr'><strong>Ronaae</strong></span> <span class='ocrx_word' id='word_1_138' title='bbox 702 2112 790 2178; x_wconf 89' lang='lat' dir='ltr'><strong>enim</strong></span> <span class='ocrx_word' id='word_1_139' title='bbox 803 2119 883 2178; x_wconf 84' lang='lat' dir='ltr'><strong>nuta</strong></span> <span class='ocrx_word' id='word_1_140' title='bbox 896 2118 946 2177; x_wconf 89' lang='lat' dir='ltr'><strong>est</strong></span> <span class='ocrx_word' id='word_1_141' title='bbox 960 2110 1048 2178; x_wconf 71' lang='lat' dir='ltr'><strong>exilii</strong></span> <span class='ocrx_word' id='word_1_142' title='bbox 1061 2111 1189 2193; x_wconf 83' lang='lat' dir='ltr'><strong>occasio,</strong></span> <span class='ocrx_word' id='word_1_143' title='bbox 1204 2113 1295 2200; x_wconf 86' lang='lat' dir='ltr'><strong>quod</strong></span> 
     </span>
     <span class='ocr_line' id='line_1_19' title="bbox 187 2208 1294 2298; baseline 0.009 -24"><span class='ocrx_word' id='word_1_144' title='bbox 187 2208 296 2287; x_wconf 75' lang='lat' dir='ltr'><strong>Roma</strong></span> <span class='ocrx_word' id='word_1_145' title='bbox 310 2211 432 2276; x_wconf 76' lang='lat' dir='ltr'><strong>satiras</strong></span> <span class='ocrx_word' id='word_1_146' title='bbox 446 2214 645 2293; x_wconf 79' lang='lat' dir='ltr'><strong>recitaverit,</strong></span> <span class='ocrx_word' id='word_1_147' title='bbox 665 2214 757 2298; x_wconf 85' lang='lat' dir='ltr'><strong>quud</strong></span> <span class='ocrx_word' id='word_1_148' title='bbox 775 2211 881 2278; x_wconf 78' lang='lat' dir='ltr'><strong>Roma</strong></span> <span class='ocrx_word' id='word_1_149' title='bbox 894 2213 1049 2282; x_wconf 77' lang='lat' dir='ltr'><strong>secundis</strong></span> <span class='ocrx_word' id='word_1_150' title='bbox 1062 2217 1210 2286; x_wconf 83' lang='lat' dir='ltr'><strong>omnium</strong></span> <span class='ocrx_word' id='word_1_151' title='bbox 1225 2216 1294 2284; x_wconf 83' lang='lat' dir='ltr'><strong>sul·</strong></span> 
     </span>
     <span class='ocr_line' id='line_1_20' title="bbox 184 2295 1294 2404; baseline 0.005 -25"><span class='ocrx_word' id='word_1_152' title='bbox 184 2313 299 2398; x_wconf 70' lang='lat' dir='ltr'><strong>fragis</strong></span> <span class='ocrx_word' id='word_1_153' title='bbox 308 2322 472 2400; x_wconf 85' lang='lat' dir='ltr'><strong>exceptus</strong></span> <span class='ocrx_word' id='word_1_154' title='bbox 486 2315 597 2395; x_wconf 83' lang='lat' dir='ltr'><strong>suerit,</strong></span> <span class='ocrx_word' id='word_1_155' title='bbox 612 2316 703 2400; x_wconf 91' lang='lat' dir='ltr'><strong>quod</strong></span> <span class='ocrx_word' id='word_1_156' title='bbox 716 2312 825 2382; x_wconf 79' lang='lat' dir='ltr'><strong>Roma</strong></span> <span class='ocrx_word' id='word_1_157' title='bbox 840 2316 1001 2401; x_wconf 80' lang='lat' dir='ltr'><strong>Princeps</strong></span> <span class='ocrx_word' id='word_1_158' title='bbox 1013 2295 1081 2397; x_wconf 82' lang='lat' dir='ltr'><strong>ille,</strong></span> <span class='ocrx_word' id='word_1_159' title='bbox 1092 2318 1294 2404; x_wconf 83' lang='lat' dir='ltr'><strong>quicumque</strong></span> 
     </span>
     <span class='ocr_line' id='line_1_21' title="bbox 184 2417 1296 2508; baseline 0.007 -25"><span class='ocrx_word' id='word_1_160' title='bbox 184 2417 296 2505; x_wconf 70' lang='lat' dir='ltr'><strong>inerit,</strong></span> <span class='ocrx_word' id='word_1_161' title='bbox 307 2419 440 2508; x_wconf 79' lang='lat' dir='ltr'><strong>ingeniis</strong></span> <span class='ocrx_word' id='word_1_162' title='bbox 455 2418 592 2508; x_wconf 66' lang='lat' dir='ltr'><strong>forent,</strong></span> <span class='ocrx_word' id='word_1_163' title='bbox 607 2417 858 2508; x_wconf 71' lang='lat' dir='ltr'><strong>profecturisque</strong></span> <span class='ocrx_word' id='word_1_164' title='bbox 871 2418 991 2507; x_wconf 68' lang='lat' dir='ltr'><strong>poetes</strong></span> <span class='ocrx_word' id='word_1_165' title='bbox 1004 2423 1200 2489; x_wconf 70' lang='lat' dir='ltr'><strong>mmunueri</strong></span> <span class='ocrx_word' id='word_1_166' title='bbox 1215 2423 1296 2491; x_wconf 82' lang='lat' dir='ltr'><strong>soli·</strong></span> 
     </span>
     <span class='ocr_line' id='line_1_22' title="bbox 184 2523 1294 2610; baseline 0.004 -21"><span class='ocrx_word' id='word_1_167' title='bbox 184 2530 239 2605; x_wconf 78' lang='lat' dir='ltr'><strong>tus</strong></span> <span class='ocrx_word' id='word_1_168' title='bbox 261 2525 370 2604; x_wconf 81' lang='lat' dir='ltr'><strong>suerit,</strong></span> <span class='ocrx_word' id='word_1_169' title='bbox 393 2524 580 2610; x_wconf 85' lang='lat' dir='ltr'><strong>etquidem</strong></span> <span class='ocrx_word' id='word_1_170' title='bbox 599 2524 884 2609; x_wconf 76' lang='lat' dir='ltr'><strong>interpellantibus</strong></span> <span class='ocrx_word' id='word_1_171' title='bbox 905 2523 978 2608; x_wconf 92' lang='lat' dir='ltr'><strong>(qui</strong></span> <span class='ocrx_word' id='word_1_172' title='bbox 1004 2523 1138 2595; x_wconf 82' lang='lat' dir='ltr'><strong>Paridis</strong></span> <span class='ocrx_word' id='word_1_173' title='bbox 1159 2527 1195 2593; x_wconf 92' lang='lat' dir='ltr'><strong>in</strong></span> <span class='ocrx_word' id='word_1_174' title='bbox 1216 2524 1294 2593; x_wconf 87' lang='lat' dir='ltr'><strong>loco</strong></span> 
     </span>
     <span class='ocr_line' id='line_1_23' title="bbox 184 2625 1294 2713; baseline 0.002 -18"><span class='ocrx_word' id='word_1_175' title='bbox 184 2627 291 2695; x_wconf 76' lang='lat' dir='ltr'><strong>rideri</strong></span> <span class='ocrx_word' id='word_1_176' title='bbox 305 2625 461 2713; x_wconf 84' lang='lat' dir='ltr'><strong>possent)</strong></span> <span class='ocrx_word' id='word_1_177' title='bbox 482 2646 543 2692; x_wconf 90' lang='lat' dir='ltr'><strong>seu</strong></span> <span class='ocrx_word' id='word_1_178' title='bbox 561 2626 679 2706; x_wconf 80' lang='lat' dir='ltr'><strong>amieis,</strong></span> <span class='ocrx_word' id='word_1_179' title='bbox 694 2647 754 2695; x_wconf 89' lang='lat' dir='ltr'><strong>sou</strong></span> <span class='ocrx_word' id='word_1_180' title='bbox 766 2626 897 2695; x_wconf 77' lang='lat' dir='ltr'><strong>libertis.</strong></span> <span class='ocrx_word' id='word_1_181' title='bbox 941 2626 1023 2693; x_wconf 90' lang='lat' dir='ltr'><strong>Inde</strong></span> <span class='ocrx_word' id='word_1_182' title='bbox 1045 2628 1133 2693; x_wconf 85' lang='lat' dir='ltr'><strong>enim</strong></span> <span class='ocrx_word' id='word_1_183' title='bbox 1154 2627 1294 2710; x_wconf 81' lang='lat' dir='ltr'><strong>factum,</strong></span> 
     </span>
     <span class='ocr_line' id='line_1_24' title="bbox 185 2726 1294 2817; baseline 0.002 -22"><span class='ocrx_word' id='word_1_184' title='bbox 185 2737 224 2797; x_wconf 90' lang='lat' dir='ltr'><strong>ut</strong></span> <span class='ocrx_word' id='word_1_185' title='bbox 232 2751 308 2816; x_wconf 81' lang='lat' dir='ltr'><strong>qnae</strong></span> <span class='ocrx_word' id='word_1_186' title='bbox 324 2732 358 2798; x_wconf 90' lang='lat' dir='ltr'><strong>in</strong></span> <span class='ocrx_word' id='word_1_187' title='bbox 370 2727 500 2797; x_wconf 82' lang='lat' dir='ltr'><strong>Paridis</strong></span> <span class='ocrx_word' id='word_1_188' title='bbox 514 2730 595 2795; x_wconf 89' lang='lat' dir='ltr'><strong>olim</strong></span> <span class='ocrx_word' id='word_1_189' title='bbox 608 2726 747 2817; x_wconf 81' lang='lat' dir='ltr'><strong>defuncti</strong></span> <span class='ocrx_word' id='word_1_190' title='bbox 756 2731 974 2816; x_wconf 88' lang='lat' dir='ltr'><strong>opprobrium</strong></span> <span class='ocrx_word' id='word_1_191' title='bbox 987 2730 1177 2815; x_wconf 85' lang='lat' dir='ltr'><strong>scripsisset</strong></span> <span class='ocrx_word' id='word_1_192' title='bbox 1189 2729 1294 2799; x_wconf 77' lang='lat' dir='ltr'><strong>Juve-</strong></span> 
     </span>
     <span class='ocr_line' id='line_1_25' title="bbox 186 2832 1294 2925; baseline 0.001 -26"><span class='ocrx_word' id='word_1_193' title='bbox 186 2834 286 2913; x_wconf 78' lang='lat' dir='ltr'><strong>nalis,</strong></span> <span class='ocrx_word' id='word_1_194' title='bbox 296 2853 339 2899; x_wconf 84' lang='lat' dir='ltr'><strong>sa</strong></span> <span class='ocrx_word' id='word_1_195' title='bbox 353 2833 513 2918; x_wconf 81' lang='lat' dir='ltr'><strong>Princeps</strong></span> <span class='ocrx_word' id='word_1_196' title='bbox 528 2833 564 2897; x_wconf 90' lang='lat' dir='ltr'><strong>in</strong></span> <span class='ocrx_word' id='word_1_197' title='bbox 573 2851 668 2925; x_wconf 83' lang='lat' dir='ltr'><strong>suern</strong></span> <span class='ocrx_word' id='word_1_198' title='bbox 684 2832 908 2899; x_wconf 77' lang='lat' dir='ltr'><strong>amicorumve</strong></span> <span class='ocrx_word' id='word_1_199' title='bbox 921 2838 981 2899; x_wconf 83' lang='lat' dir='ltr'><strong>ont</strong></span> <span class='ocrx_word' id='word_1_200' title='bbox 994 2833 1095 2899; x_wconf 82' lang='lat' dir='ltr'><strong>etiam</strong></span> <span class='ocrx_word' id='word_1_201' title='bbox 1108 2836 1294 2917; x_wconf 83' lang='lat' dir='ltr'><strong>temporum</strong></span> 
     </span>
     <span class='ocr_line' id='line_1_26' title="bbox 185 2931 1293 3021; baseline -0.005 -14"><span class='ocrx_word' id='word_1_202' title='bbox 185 2956 320 3007; x_wconf 83' lang='lat' dir='ltr'><strong>sucrum</strong></span> <span class='ocrx_word' id='word_1_203' title='bbox 334 2936 565 3003; x_wconf 81' lang='lat' dir='ltr'><strong>contumelium</strong></span> <span class='ocrx_word' id='word_1_204' title='bbox 578 2936 753 3021; x_wconf 81' lang='lat' dir='ltr'><strong>acceperit</strong></span> <span class='ocrx_word' id='word_1_205' title='bbox 791 2933 874 3005; x_wconf 86' lang='lat' dir='ltr'><strong>Inde</strong></span> <span class='ocrx_word' id='word_1_206' title='bbox 886 2935 1054 3013; x_wconf 86' lang='lat' dir='ltr'><strong>nimirum,</strong></span> <span class='ocrx_word' id='word_1_207' title='bbox 1066 2939 1106 3000; x_wconf 89' lang='lat' dir='ltr'><strong>ut</strong></span> <span class='ocrx_word' id='word_1_208' title='bbox 1117 2931 1178 2997; x_wconf 84' lang='lat' dir='ltr'><strong>leui</strong></span> <span class='ocrx_word' id='word_1_209' title='bbox 1192 2941 1293 3020; x_wconf 84' lang='lat' dir='ltr'><strong>utque</strong></span> 
     </span>
     <span class='ocr_line' id='line_1_27' title="bbox 176 3035 1294 3124; baseline -0.002 -19"><span class='ocrx_word' id='word_1_210' title='bbox 176 3035 322 3124; x_wconf 82' lang='lat' dir='ltr'><strong>joculari</strong></span> <span class='ocrx_word' id='word_1_211' title='bbox 335 3039 517 3117; x_wconf 66' lang='lat' dir='ltr'><strong>deliciunt</strong></span> <span class='ocrx_word' id='word_1_212' title='bbox 529 3038 721 3107; x_wconf 80' lang='lat' dir='ltr'><strong>observavit</strong></span> <span class='ocrx_word' id='word_1_213' title='bbox 734 3039 812 3107; x_wconf 77' lang='lat' dir='ltr'><strong>vitoe</strong></span> <span class='ocrx_word' id='word_1_214' title='bbox 833 3037 973 3117; x_wconf 85' lang='lat' dir='ltr'><strong>Auctor,</strong></span> <span class='ocrx_word' id='word_1_215' title='bbox 996 3056 1057 3123; x_wconf 83' lang='lat' dir='ltr'><strong>pnr</strong></span> <span class='ocrx_word' id='word_1_216' title='bbox 1078 3037 1178 3103; x_wconf 79' lang='lat' dir='ltr'><strong>etium</strong></span> <span class='ocrx_word' id='word_1_217' title='bbox 1192 3057 1294 3123; x_wconf 82' lang='lat' dir='ltr'><strong>poenu</strong></span> 
     </span>
     <span class='ocr_line' id='line_1_28' title="bbox 183 3137 1293 3223; baseline 0 -14"><span class='ocrx_word' id='word_1_218' title='bbox 183 3141 418 3209; x_wconf 73' lang='lat' dir='ltr'><strong>decernemus.</strong></span> <span class='ocrx_word' id='word_1_219' title='bbox 459 3140 623 3209; x_wconf 82' lang='lat' dir='ltr'><strong>Semertrer</strong></span> <span class='ocrx_word' id='word_1_220' title='bbox 644 3139 772 3207; x_wconf 79' lang='lat' dir='ltr'><strong>Paridis</strong></span> <span class='ocrx_word' id='word_1_221' title='bbox 786 3139 928 3220; x_wconf 79' lang='lat' dir='ltr'><strong>militias,</strong></span> <span class='ocrx_word' id='word_1_222' title='bbox 948 3137 1139 3207; x_wconf 75' lang='lat' dir='ltr'><strong>Tritanum</strong></span> <span class='ocrx_word' id='word_1_223' title='bbox 1152 3142 1293 3223; x_wconf 84' lang='lat' dir='ltr'><strong>scilicet,</strong></span> 
     </span>
     <span class='ocr_line' id='line_1_29' title="bbox 188 3242 1294 3330; baseline 0.001 -19"><span class='ocrx_word' id='word_1_224' title='bbox 188 3242 296 3311; x_wconf 77' lang='lat' dir='ltr'><strong>Paieis</strong></span> <span class='ocrx_word' id='word_1_225' title='bbox 309 3245 460 3311; x_wconf 82' lang='lat' dir='ltr'><strong>venditus</strong></span> <span class='ocrx_word' id='word_1_226' title='bbox 474 3248 653 3330; x_wconf 81' lang='lat' dir='ltr'><strong>exprobret</strong></span> <span class='ocrx_word' id='word_1_227' title='bbox 666 3245 842 3315; x_wconf 78' lang='lat' dir='ltr'><strong>luvenalis</strong></span> <span class='ocrx_word' id='word_1_228' title='bbox 853 3243 924 3313; x_wconf 79' lang='lat' dir='ltr'><strong>Set.</strong></span> <span class='ocrx_word' id='word_1_229' title='bbox 940 3261 1006 3311; x_wconf 86' lang='lat' dir='ltr'><strong>vrr.</strong></span> <span class='ocrx_word' id='word_1_230' title='bbox 1022 3244 1075 3310; x_wconf 89' lang='grc'><strong>88.</strong></span> <span class='ocrx_word' id='word_1_231' title='bbox 1091 3244 1144 3310; x_wconf 85' lang='grc'><strong>89.</strong></span> <span class='ocrx_word' id='word_1_232' title='bbox 1158 3245 1213 3311; x_wconf 80' lang='lat'><strong>92.</strong></span> <span class='ocrx_word' id='word_1_233' title='bbox 1239 3243 1294 3312; x_wconf 81' lang='lat' dir='ltr'><strong>Itu</strong></span> 
     </span>
     <span class='ocr_line' id='line_1_30' title="bbox 185 3343 1293 3435; baseline -0.001 -20"><span class='ocrx_word' id='word_1_234' title='bbox 185 3347 352 3427; x_wconf 67' lang='lat' dir='ltr'><strong>nimitum,</strong></span> <span class='ocrx_word' id='word_1_235' title='bbox 373 3356 410 3417; x_wconf 90' lang='lat' dir='ltr'><strong>ut</strong></span> <span class='ocrx_word' id='word_1_236' title='bbox 426 3345 596 3435; x_wconf 69' lang='lat' dir='ltr'><strong>Profertur</strong></span> <span class='ocrx_word' id='word_1_237' title='bbox 617 3345 767 3433; x_wconf 77' lang='lat' dir='ltr'><strong>Pelopea,</strong></span> <span class='ocrx_word' id='word_1_238' title='bbox 792 3345 943 3413; x_wconf 79' lang='lat' dir='ltr'><strong>Tribunos</strong></span> <span class='ocrx_word' id='word_1_239' title='bbox 967 3343 1145 3412; x_wconf 73' lang='lat' dir='ltr'><strong>Philomela</strong></span> <span class='ocrx_word' id='word_1_240' title='bbox 1168 3345 1293 3414; x_wconf 72' lang='lat' dir='ltr'><strong>secent</strong></span> 
     </span>
     <span class='ocr_line' id='line_1_31' title="bbox 187 3447 1294 3537; baseline -0.002 -20"><span class='ocrx_word' id='word_1_241' title='bbox 187 3449 332 3517; x_wconf 83' lang='lat' dir='ltr'><strong>Proinde</strong></span> <span class='ocrx_word' id='word_1_242' title='bbox 340 3452 414 3537; x_wconf 89' lang='lat' dir='ltr'><strong>ipse</strong></span> <span class='ocrx_word' id='word_1_243' title='bbox 429 3450 561 3517; x_wconf 75' lang='lat' dir='ltr'><strong>colorus</strong></span> <span class='ocrx_word' id='word_1_244' title='bbox 571 3447 757 3537; x_wconf 76' lang='lat' dir='ltr'><strong>profectura</strong></span> <span class='ocrx_word' id='word_1_245' title='bbox 766 3452 909 3519; x_wconf 69' lang='lat' dir='ltr'><strong>donans</strong></span> <span class='ocrx_word' id='word_1_246' title='bbox 923 3450 1093 3536; x_wconf 81' lang='lat' dir='ltr'><strong>est,quusi</strong></span> <span class='ocrx_word' id='word_1_247' title='bbox 1107 3448 1294 3516; x_wconf 69' lang='lat' dir='ltr'><strong>sisinium</strong></span> 
     </span>
     <span class='ocr_line' id='line_1_32' title="bbox 187 3548 1295 3639; baseline -0.001 -22"><span class='ocrx_word' id='word_1_248' title='bbox 187 3553 338 3636; x_wconf 76' lang='lat' dir='ltr'><strong>praemio.</strong></span> <span class='ocrx_word' id='word_1_249' title='bbox 382 3553 488 3621; x_wconf 87' lang='lat' dir='ltr'><strong>Pleno</strong></span> <span class='ocrx_word' id='word_1_250' title='bbox 508 3552 574 3621; x_wconf 90' lang='lat' dir='ltr'><strong>boo</strong></span> <span class='ocrx_word' id='word_1_251' title='bbox 595 3573 656 3639; x_wconf 90' lang='lat' dir='ltr'><strong>pru</strong></span> <span class='ocrx_word' id='word_1_252' title='bbox 679 3553 789 3623; x_wconf 87' lang='lat' dir='ltr'><strong>indole</strong></span> <span class='ocrx_word' id='word_1_253' title='bbox 805 3550 969 3619; x_wconf 78' lang='lat' dir='ltr'><strong>Hadriani</strong></span> <span class='ocrx_word' id='word_1_254' title='bbox 992 3553 1076 3618; x_wconf 81' lang='lat' dir='ltr'><strong>sutis</strong></span> <span class='ocrx_word' id='word_1_255' title='bbox 1091 3548 1247 3636; x_wconf 81' lang='lat' dir='ltr'><strong>joculari,</strong></span> <span class='ocrx_word' id='word_1_256' title='bbox 1260 3556 1295 3616; x_wconf 87' lang='lat' dir='ltr'><strong>et</strong></span> 
     </span>
     <span class='ocr_line' id='line_1_33' title="bbox 182 3651 1295 3740; baseline 0 -21"><span class='ocrx_word' id='word_1_257' title='bbox 182 3675 282 3739; x_wconf 68' lang='lat' dir='ltr'><strong>pauo</strong></span> <span class='ocrx_word' id='word_1_258' title='bbox 304 3656 394 3734; x_wconf 83' lang='lat' dir='ltr'><strong>loco,</strong></span> <span class='ocrx_word' id='word_1_259' title='bbox 417 3660 451 3722; x_wconf 87' lang='lat' dir='ltr'><strong>et</strong></span> <span class='ocrx_word' id='word_1_260' title='bbox 474 3656 510 3723; x_wconf 88' lang='lat' dir='ltr'><strong>iu</strong></span> <span class='ocrx_word' id='word_1_261' title='bbox 523 3656 651 3740; x_wconf 68' lang='lat' dir='ltr'><strong>merium</strong></span> <span class='ocrx_word' id='word_1_262' title='bbox 674 3652 807 3723; x_wconf 75' lang='lat' dir='ltr'><strong>honoria.</strong></span> <span class='ocrx_word' id='word_1_263' title='bbox 851 3653 1007 3740; x_wconf 80' lang='lat' dir='ltr'><strong>Objectot</strong></span> <span class='ocrx_word' id='word_1_264' title='bbox 1029 3653 1086 3719; x_wconf 84' lang='lat' dir='ltr'><strong>ille</strong></span> <span class='ocrx_word' id='word_1_265' title='bbox 1100 3651 1223 3717; x_wconf 81' lang='lat' dir='ltr'><strong>venalia</strong></span> <span class='ocrx_word' id='word_1_266' title='bbox 1236 3652 1295 3719; x_wconf 85' lang='lat' dir='ltr'><strong>illa</strong></span> 
     </span>
     <span class='ocr_line' id='line_1_34' title="bbox 187 3752 1295 3843; baseline -0.005 -17"><span class='ocrx_word' id='word_1_267' title='bbox 187 3755 345 3842; x_wconf 67' lang='lat' dir='ltr'><strong>poemata</strong></span> <span class='ocrx_word' id='word_1_268' title='bbox 358 3759 659 3833; x_wconf 78' lang='lat' dir='ltr'><strong>emtomnuomine</strong></span> <span class='ocrx_word' id='word_1_269' title='bbox 684 3759 786 3837; x_wconf 87' lang='lat' dir='ltr'><strong>editu,</strong></span> <span class='ocrx_word' id='word_1_270' title='bbox 810 3763 1030 3843; x_wconf 67' lang='lat' dir='ltr'><strong>captatorque</strong></span> <span class='ocrx_word' id='word_1_271' title='bbox 1054 3755 1139 3822; x_wconf 83' lang='lat' dir='ltr'><strong>odeo</strong></span> <span class='ocrx_word' id='word_1_272' title='bbox 1161 3755 1204 3819; x_wconf 86' lang='lat' dir='ltr'><strong>ub</strong></span> <span class='ocrx_word' id='word_1_273' title='bbox 1228 3752 1295 3820; x_wconf 82' lang='lat' dir='ltr'><strong>illis</strong></span> 
     </span>
     <span class='ocr_line' id='line_1_35' title="bbox 188 3852 1294 3944; baseline -0.001 -20"><span class='ocrx_word' id='word_1_274' title='bbox 188 3858 369 3935; x_wconf 84' lang='lat' dir='ltr'><strong>ulieuomrn</strong></span> <span class='ocrx_word' id='word_1_275' title='bbox 391 3879 528 3944; x_wconf 85' lang='lat' dir='ltr'><strong>operum</strong></span> <span class='ocrx_word' id='word_1_276' title='bbox 547 3859 699 3927; x_wconf 85' lang='lat' dir='ltr'><strong>honoros.</strong></span> <span class='ocrx_word' id='word_1_277' title='bbox 744 3859 873 3927; x_wconf 85' lang='lat' dir='ltr'><strong>Nescio</strong></span> <span class='ocrx_word' id='word_1_278' title='bbox 894 3879 938 3925; x_wconf 85' lang='lat' dir='ltr'><strong>uu</strong></span> <span class='ocrx_word' id='word_1_279' title='bbox 957 3858 1096 3944; x_wconf 85' lang='lat' dir='ltr'><strong>proinde</strong></span> <span class='ocrx_word' id='word_1_280' title='bbox 1110 3852 1228 3942; x_wconf 76' lang='lat' dir='ltr'><strong>ingenii</strong></span> <span class='ocrx_word' id='word_1_281' title='bbox 1238 3853 1294 3923; x_wconf 78' lang='lat' dir='ltr'><strong>sui</strong></span> 
     </span>
     <span class='ocr_line' id='line_1_36' title="bbox 187 3953 1295 4047; baseline -0.007 -17"><span class='ocrx_word' id='word_1_282' title='bbox 187 3960 289 4031; x_wconf 80' lang='lat' dir='ltr'><strong>foetns</strong></span> <span class='ocrx_word' id='word_1_283' title='bbox 299 3962 365 4027; x_wconf 87' lang='lat' dir='ltr'><strong>sub</strong></span> <span class='ocrx_word' id='word_1_284' title='bbox 374 3958 552 4027; x_wconf 76' lang='lat' dir='ltr'><strong>libertorum</strong></span> <span class='ocrx_word' id='word_1_285' title='bbox 561 3964 695 4031; x_wconf 85' lang='lat' dir='ltr'><strong>numine</strong></span> <span class='ocrx_word' id='word_1_286' title='bbox 704 3963 845 4033; x_wconf 82' lang='lat' dir='ltr'><strong>ediderit</strong></span> <span class='ocrx_word' id='word_1_287' title='bbox 855 3963 1059 4041; x_wconf 77' lang='lat' dir='ltr'><strong>Hadrianus,</strong></span> <span class='ocrx_word' id='word_1_288' title='bbox 1068 3953 1295 4047; x_wconf 81' lang='lat' dir='ltr'><strong>(boeenimdo</strong></span> 
     </span>
     <span class='ocr_line' id='line_1_37' title="bbox 189 4060 1296 4151; baseline -0.013 -12"><span class='ocrx_word' id='word_1_289' title='bbox 189 4082 230 4139; x_wconf 78' lang='lat' dir='ltr'><strong>uu</strong></span> <span class='ocrx_word' id='word_1_290' title='bbox 249 4068 390 4133; x_wconf 74' lang='lat' dir='ltr'><strong>testetur</strong></span> <span class='ocrx_word' id='word_1_291' title='bbox 405 4062 632 4151; x_wconf 68' lang='lat' dir='ltr'><strong>senonem)</strong></span> <span class='ocrx_word' id='word_1_292' title='bbox 650 4084 719 4151; x_wconf 89' lang='lat' dir='ltr'><strong>quo</strong></span> <span class='ocrx_word' id='word_1_293' title='bbox 742 4086 780 4133; x_wconf 86' lang='lat' dir='ltr'><strong>se</strong></span> <span class='ocrx_word' id='word_1_294' title='bbox 798 4066 884 4135; x_wconf 81' lang='lat' dir='ltr'><strong>adeo</strong></span> <span class='ocrx_word' id='word_1_295' title='bbox 906 4066 1049 4135; x_wconf 84' lang='lat' dir='ltr'><strong>alionum</strong></span> <span class='ocrx_word' id='word_1_296' title='bbox 1071 4060 1296 4131; x_wconf 79' lang='lat' dir='ltr'><strong>estmoerera</strong></span> 
     </span>
     <span class='ocr_line' id='line_1_38' title="bbox 189 4160 1296 4253; baseline -0.006 -18"><span class='ocrx_word' id='word_1_297' title='bbox 189 4160 332 4235; x_wconf 76' lang='lat' dir='ltr'><strong>musitio</strong></span> <span class='ocrx_word' id='word_1_298' title='bbox 355 4166 416 4239; x_wconf 90' lang='lat' dir='ltr'><strong>illu</strong></span> <span class='ocrx_word' id='word_1_299' title='bbox 440 4166 595 4252; x_wconf 79' lang='lat' dir='ltr'><strong>captandi</strong></span> <span class='ocrx_word' id='word_1_300' title='bbox 616 4166 746 4245; x_wconf 79' lang='lat' dir='ltr'><strong>debitos</strong></span> <span class='ocrx_word' id='word_1_301' title='bbox 763 4167 889 4243; x_wconf 68' lang='lat' dir='ltr'><strong>,dionis</strong></span> <span class='ocrx_word' id='word_1_302' title='bbox 911 4166 1067 4253; x_wconf 74' lang='lat' dir='ltr'><strong>operibus</strong></span> <span class='ocrx_word' id='word_1_303' title='bbox 1086 4164 1246 4242; x_wconf 61' lang='lat' dir='ltr'><strong>bonores,</strong></span> <span class='ocrx_word' id='word_1_304' title='bbox 1259 4166 1296 4231; x_wconf 93' lang='lat' dir='ltr'><strong>ut</strong></span> 
     </span>
    </p>
   </div>
   <div class='ocr_carea' id='block_1_5' title="bbox 0 0 1538 4925">
    <p class='ocr_par' dir='ltr' id='par_1_5' title="bbox 0 0 1538 4925">
     <span class='ocr_line' id='line_1_39' title="bbox 0 0 1538 4925; baseline 0 0"><span class='ocrx_word' id='word_1_305' title='bbox 0 0 1538 4925; x_wconf 95' lang='lat' dir='ltr'><strong> </strong></span> 
     </span>
    </p>
   </div>
  </div>
 </body>
</html>
