3059 4925
671 323 799 391 ·’44

340 763 357 781 ,.
439 659 1120 742 D.JUN11JUVENrrusV1TA

229 837 235 844 '
305 823 378 876 Per<
395 824 518 877 ANNUS
534 821 803 876 PROBABILIBUS
820 818 1065 874 CONJECTURIS
1083 814 1250 867 DIGESTA.

349 1165 394 1234 A.
409 1169 453 1236 U.
470 1168 510 1235 C.
525 1169 626 1244 Varr,
639 1171 716 1236 795.
759 1169 882 1233 Christi
895 1170 950 1234 42.
993 1166 1167 1233 iuvenalis
1182 1167 1214 1230 1.

230 1313 490 1386 Pnbnhururus
519 1328 583 1401 est,
605 1322 801 1388 Juvenalem
823 1342 891 1386 nou
915 1327 1002 1399 ante,
1039 1338 1138 1404 quam
1152 1336 1226 1381 eum
1257 1317 1333 1398 post

186 1449 192 1460 “
230 1424 316 1488 hunc
331 1444 452 1488 annum
466 1425 501 1488 in
515 1425 623 1489 lucem
641 1425 764 1492 editum
779 1446 866 1491 esse.
911 1425 1055 1489 Satiram
1069 1422 1156 1484 enim
1170 1419 1333 1483 decimam

229 1527 360 1591 tertiam
374 1527 468 1590 anuis
486 1543 564 1590 uxr.
579 1532 657 1612 post
673 1529 880 1592 consulatum
898 1523 1031 1601 Fonteii,
1048 1524 1207 1604 adeoque,
1230 1520 1260 1582 si
1275 1517 1331 1582 ille

231 1625 272 1691 C.
285 1627 441 1693 Fonteius
454 1626 575 1713 Capito
586 1636 647 1708 est,
662 1627 720 1713 qui
730 1650 760 1694 a.
775 1629 819 1693 U.
834 1650 863 1693 c.
874 1630 950 1694 812.
965 1626 1080 1692 consul
1099 1624 1172 1701 fnit,
1196 1620 1277 1706 (uon
1292 1620 1333 1684 Β.

233 1725 390 1796 Fonteius
405 1730 529 1816 Capito
551 1751 621 1797 cos.
635 1751 667 1800 a.
680 1727 725 1795 U.
741 1752 770 1795 c.
785 1729 880 1816 829.)
900 1752 931 1795 a.
946 1729 990 1794 U.
1006 1748 1035 1792 c.
1050 1726 1138 1802 873,
1153 1722 1334 1806 eodemque

232 1841 331 1911 anna,
347 1834 401 1899 vel
419 1835 531 1917 potius
546 1839 714 1918 sequente,
730 1835 866 1897 satiram
881 1849 946 1895 xv.
962 1829 1114 1913 scripsit3
1139 1825 1188 1911 (v.
1203 1824 1246 1888 ad
1261 1824 1334 1888 Sat.

232 1933 530 2002 xnr.16.17.xv.
545 1938 599 2003 27.
613 1936 769 2001 etiniad
784 1956 814 1999 a.
830 1935 873 1999 U.
888 1955 918 2000 c.
932 1930 1072 2017 874911]
1084 1932 1335 2015 AEgyptumau·

230 2043 306 2113 tem,
318 2058 393 2102 cum
407 2040 638 2122 octogenarius
651 2043 750 2115 esset,
764 2040 888 2101 missus
902 2041 963 2114 est,
978 2036 1091 2119 ibique
1105 2033 1193 2096 intra
1205 2031 1332 2094 brevis·

233 2139 352 2203 simum
362 2145 494 2223 tempus
509 2159 631 2222 angore
645 2139 789 2204 ettaedio
799 2140 906 2221 periit,
918 2139 947 2201 si
961 2136 1046 2201 fides
1055 2131 1206 2199 habenda
1215 2134 1336 2218 Sueto·

233 2243 308 2304 uic:
330 2257 408 2305 nam
423 2243 472 2305 ita
490 2241 662 2306 brevitatis
674 2257 778 2304 causa
786 2240 948 2303 incertum
955 2238 1048 2305 Vitae
1064 2257 1165 2321 supra
1179 2238 1335 2319 ascriptae

234 2343 403 2407 auctorem
431 2344 599 2428 appellare
626 2343 738 2410 liceat.
786 2344 835 2407 At
861 2343 921 2408 vix
951 2340 1162 2418 credideram,
1190 2338 1336 2422 poetam,

204 2496 212 2503 .
234 2443 404 2529 octoginta
419 2447 491 2532 jam
506 2461 611 2511 annos
623 2451 752 2527 natum,
763 2446 874 2510 satiris
897 2442 1005 2510 adhuc
1027 2441 1240 2509 conficiendis
1259 2460 1338 2526 ope·

234 2566 304 2613 ram
318 2546 462 2627 dedisse,
477 2548 599 2613 nedum
613 2549 647 2612 iu
667 2548 826 2632 AEgyptu,
849 2549 908 2612 ubi
929 2547 1120 2630 aegritudine
1144 2551 1176 2610 et
1198 2562 1338 2610 moerore

235 2649 283 2713 ita
295 2649 439 2714 afflictus
453 2656 516 2728 est,
537 2656 574 2716 ut
588 2650 690 2735 paulo
712 2656 793 2734 post
815 2649 993 2717 adveutum
1015 2669 1034 2713 e
1053 2649 1123 2713 vita
1144 2645 1338 2711 discederet.

236 2748 323 2828 Quae
338 2752 372 2813 in
387 2754 585 2837 contrariam
608 2759 737 2837 partem
750 2752 927 2818 laudantur
939 2752 1041 2817 verba
1056 2749 1166 2834 puitae
1187 2748 1257 2814 Sat.
1273 2764 1337 2815 xv.

234 2853 288 2917 45.
304 2853 348 2917 ad
361 2856 473 2939 priora
486 2876 618 2941 quoque
630 2857 710 2923 ritae
724 2857 796 2941 ejus
810 2861 958 2940 tempora
972 2854 1091 2918 referre
1109 2852 1211 2917 lieet
1245 2849 1340 2928 Quo·

236 2974 305 3039 quo
319 2963 428 3022 autem
440 2957 540 3022 mado
555 2978 592 3022 se
612 2978 666 3023 res
687 2959 818 3037 haheat,
838 2978 914 3043 quae
937 2956 1086 3041 profectu
1111 2955 1155 3019 ad
1176 2952 1340 3037 liquidum

236 3058 375 3141 perduci
387 3056 577 3144 neutiquam
591 3066 713 3147 potest,
736 3081 804 3125 non
816 3062 955 3125 multum
977 3063 1062 3123 certe
1075 3076 1096 3119 a
1109 3076 1188 3121 vero
1209 3056 1340 3119 aberra-

237 3159 358 3237 bimus,
375 3161 404 3225 si
417 3161 562 3226 natalem
572 3161 747 3226 Juvenalis
761 3163 797 3226 in
812 3180 932 3227 annum
947 3159 991 3223 U.
1004 3161 1117 3225 erae.
1133 3157 1340 3223 conferimus.

239 3258 288 3344 (v.
303 3262 361 3326 inf.
378 3262 420 3326 ad
435 3282 467 3327 a.
480 3261 525 3328 U.
537 3281 567 3329 c.
591 3259 685 3346 874.)

282 3359 410 3427 Eodem
425 3385 512 3430 annu
530 3362 776 3447 Quintilianum,
802 3366 1026 3431 clarissimum
1039 3365 1210 3442 rhetorem,
1233 3361 1282 3447 (v.
1297 3356 1342 3428 ad
1363 3381 1366 3385 ·
1446 3358 1448 3363 ’

236 3463 359 3529 Satvr-
373 3467 427 3531 75.
442 3472 476 3531 et
489 3464 582 3551 280.)
595 3467 792 3532 Juvenalem
803 3489 881 3533 vcro
896 3488 926 3532 a.
943 3468 983 3532 U.
996 3488 1025 3532 c.
1039 3468 1118 3532 791.
1146 3464 1269 3530 Christi
1284 3465 1340 3531 88.

239 3572 352 3656 natum
378 3589 465 3654 esse,
498 3572 732 3655 suspicabatur
762 3571 956 3636 Dcdwellus
985 3572 1021 3634 in
1050 3567 1169 3633 Annal-
1200 3566 1342 3649 Quintil.

240 3668 414 3751 Regnabat
426 3677 503 3735 tunc
517 3674 674 3756 temporis
689 3671 749 3758 (ab
764 3692 794 3735 a.
809 3671 851 3735 U.
864 3692 894 3736 c.
905 3672 1063 3739 794897.
1078 3669 1199 3735 Christi
1214 3666 1344 3753 ael-54.)

239 3769 316 3835 Tib.
332 3768 642 3854 ClandineDrusns3
669 3780 744 3838 ante
757 3793 856 3858 quem
871 3762 936 3859 (ab
948 3794 980 3839 a.
990 3774 1035 3838 U.
1046 3795 1076 3839 c.
1090 3774 1246 3839 799-794.
1263 3770 1343 3836 Chr.

239 3869 369 3956 37-41.)
390 3874 563 3956 imperium
585 3879 732 3939 tenuerat
753 3873 793 3938 C.
809 3873 927 3943 Caesar
945 3873 1108 3962 Cnligntn,
1130 3877 1189 3959 qni
1209 3895 1240 3938 a.
1253 3874 1297 3937 U.
1310 3894 1340 3938 c.

240 3975 314 4040 791.
331 3973 407 4038 Chr.
422 3976 476 4040 38.
490 3983 630 4060 accepto
649 3976 850 4042 aCaesonia
871 3999 978 4043 uxore
1001 3978 1122 4063 philtra
1146 3979 1181 4041 in
1202 3979 1344 4042 furorem

242 4078 413 4162 conjectus
434 4084 514 4156 erat,
537 4079 597 4165 (cf.
612 4080 681 4147 Sat.
699 4099 751 4146 vr.
772 4081 838 4146 615
852 4078 919 4165 sq.)
939 4086 971 4146 et
990 4100 1022 4145 a.
1034 4080 1079 4145 U.
1092 4102 1123 4146 c.
1136 4081 1212 4146 793.
1257 4078 1345 4160 Lug·

241 4179 321 4245 duni
334 4182 518 4248 instituerat
532 4188 694 4251 certamen
716 4185 848 4251 Graecae
875 4185 1072 4271 Latinaeque
1092 4181 1272 4260 facundiae,
1295 4179 1344 4266 (v.
