3059 4925
567 448 570 460 1
650 371 858 423 1111111110.
1284 362 1308 428 o

199 519 287 606 Aug.
303 520 437 588 Vindel.
451 520 548 587 1099.
575 523 794 590 Basilisses.
821 523 930 606 Lugd.
949 525 1046 590 1556.
1085 526 1193 592 Paris,
1209 529 1305 594 1561.

198 626 296 691 1613.
323 625 457 691 Hanov.
481 626 579 692 1603.
606 628 649 693 al.
675 627 969 691 Wournnsroar
990 628 1051 713 (V.
1077 630 1120 695 D.
1142 630 1192 696 M.
1217 632 1307 716 apud

198 728 437 793 Seedorsenses
450 749 554 813 prope
570 730 711 794 Lenzen.
726 732 760 794 in
776 728 973 814 Prignilzia)
987 733 1064 796 edit.
1080 732 1187 814 Lugd.
1208 736 1305 801 1511.

199 831 401 909 Hunsunn,
423 831 598 897 Archiater
614 833 699 915 Reg.
715 833 795 898 edit.
812 833 918 897 Lond.
935 834 1030 898 1716.
1058 833 1255 899 birunnun
1271 842 1306 902 et

198 932 377 999 Saraonn
398 956 485 1002 1111.
505 937 595 1001 11111.
616 937 715 1000 trium
735 936 833 1001 codd.
860 936 1069 1019 Norimbcrg.
1096 942 1128 1001 11
1141 938 1193 1003 cd.
1210 939 1306 1024 Lips.

198 1037 295 1101 1502.
320 1040 540 1103 Lautulas
563 1039 625 1124 (V.
643 1040 687 1105 D.
705 1040 753 1103 M.
773 1040 862 1125 apud
879 1042 1092 1106 Hollerenses
1106 1062 1211 1125 prope
1229 1043 1305 1108 Sta·

198 1141 288 1220 dam)
304 1143 357 1206 ed.
373 1141 479 1225 Lugd.
493 1144 590 1208 lotio.
618 1144 757 1208 Hunnn
773 1147 952 1209 observatt.
972 1142 1133 1227 quasdam
1154 1146 1304 1224 criticas,

198 1244 387 1309 Hunnnuu
410 1248 618 1331 conjecturas
645 1248 730 1311 Mss.
752 1247 929 1313 Schraderi
957 1254 990 1312 et
1012 1247 1175 1326 Withofii,
1206 1248 1304 1312 Bon·

197 1363 311 1426 nucu,
334 1347 449 1428 Lunz,
478 1355 511 1414 et
527 1350 597 1428 alii,
611 1351 747 1415 nuntios
768 1351 939 1414 literarios.
986 1348 1023 1411 Si
1038 1349 1120 1434 spiro
1136 1360 1165 1414 et
1183 1348 1305 1433 placeo,

201 1445 342 1513 Vestram
357 1460 411 1530 est,
434 1451 597 1517 Fautores
618 1454 783 1535 generosi!
807 1451 954 1533 Insignis
978 1452 1164 1535 benignitas
1182 1451 1306 1519 Vestra

197 1556 326 1637 rarique
342 1557 487 1640 exempli
510 1556 697 1620 humanitas
728 1576 821 1640 saepe
841 1556 988 1619 animum
1004 1556 1083 1628 mihi
1104 1555 1177 1639 jam
1190 1557 1305 1621 laban·

195 1657 262 1719 tem
276 1657 492 1736 confirmavit,
515 1659 611 1742 eique
632 1659 842 1743 praecipuum
864 1658 1018 1722 editionis
1037 1653 1122 1725 me'ae
1136 1678 1306 1724 omameu·

195 1764 264 1822 tum
280 1760 395 1826 debeo.
441 1762 531 1826 Dum
554 1765 664 1845 itaque
687 1765 811 1841 vivam,
835 1761 1023 1845 gratissima
1046 1762 1120 1845 ejus
1143 1763 1305 1827 memoria

185 1885 364 1953 'nunquam
378 1886 423 1932 ex
436 1887 511 1931 meo
525 1866 634 1931 effluet
647 1868 769 1931 auimo.

256 1967 403 2034 Remota
444 1972 493 2034 sic
524 1990 645 2053 magna
681 1970 800 2034 saltem
834 1976 929 2053 parte
965 1974 1185 2046 externorum,
1229 1969 1303 2051 qui·

192 2074 332 2138 buscnm
374 2076 454 2139 mibi
489 2072 745 2139 conflictandum
774 2081 856 2152 erat,
898 2072 1218 2158 impedimentorum,
1253 2091 1304 2136 re-

191 2179 325 2241 stabant
365 2180 432 2242 alia
466 2179 562 2261 longe
596 2179 735 2263 majora,
773 2197 851 2264 quae
889 2179 967 2261 ipsa
1000 2175 1114 2258 operis
1153 2175 1303 2260 suscepti

191 2280 369 2346 difficultas
408 2279 576 2346 afferebat.
634 2279 737 2358 Nam,
777 2280 869 2364 quod
903 2299 948 2343 ex
997 2275 1072 2341 Iud.
1109 2275 1212 2340 Editt.
1241 2296 1303 2360 ap·

189 2383 333 2468 parebit,
374 2383 500 2448 nullum
543 2384 610 2447 fere
651 2373 864 2467 antiquorum
902 2380 1076 2467 poetarum
1111 2380 1176 2444 viri
1212 2379 1304 2444 docti

190 2488 297 2569 magis
330 2488 553 2569 neglexerunt,
600 2505 703 2569 quam
750 2485 957 2562 Juvenalem,
996 2485 1055 2568 qui
1095 2484 1158 2549 hao
1193 2488 1305 2548 tamen

187 2591 409 2653 'contemtione
424 2596 456 2655 et
477 2590 606 2655 incuria
628 2590 763 2654 minime
785 2610 884 2673 paene
907 2589 1056 2654 omnium
1079 2587 1198 2670 diguus
1221 2591 1303 2666 erat,

187 2692 315 2756 nullum
329 2695 523 2778 interpretes
539 2695 675 2776 argutiis
690 2714 845 2779 vanaque
858 2693 1009 2758 doctrina
1022 2693 1070 2756 ita
1082 2692 1304 2755 obscurarunt

190 2798 222 2858 11
236 2796 340 2859 veluti
355 2797 541 2862 obruerunt.
587 2795 808 2861 Desideratur
823 2796 930 2860 adhuc
945 2794 1059 2871 editio,
1083 2795 1119 2857 in
1141 2812 1208 2876 qua
1229 2799 1302 2857 tum

190 2901 377 2974 contextus,
394 2919 495 2981 quarn
510 2905 544 2963 11
565 2899 820 2964 accuratissimo
843 2901 876 2960 11
898 2893 1144 2959 modestissimo
1164 2894 1302 2975 potissi·

189 3019 280 3063 mum
300 3000 430 3086 judicio
452 3002 525 3065 fieri
550 3003 669 3085 possit,
695 3000 739 3064 ad
764 2999 862 3065 fidem
887 3004 1034 3064 veterum
1060 2996 1303 3079 exemplarium

191 3105 420 3182 constituatur,
445 3110 517 3169 tum
531 3104 650 3169 Satirae
666 3106 753 3190 ipsae
777 3124 854 3168 cum
869 3121 969 3167 sensu
993 3099 1129 3185 poetico
1148 3103 1182 3163 et
1202 3099 1303 3183 plena

190 3202 383 3270 Latinarum
403 3208 572 3272 literarum
595 3211 862 3294 scriptorumque
884 3207 1090 3271 satiricorum
1113 3204 1302 3286 cognitione

188 3306 391 3373 illustrentur
421 3314 655 3377 commentario
690 3318 852 3398 perpetuo
891 3311 1041 3393 satisque
1074 3307 1206 3386 idoneo,
1242 3306 1302 3390 qui

185 3408 643 3492 ,0001111001111111111111111
664 3417 786 3496 fructu,
807 3417 987 3499 voluptate,
1009 3418 1043 3477 et
1056 3432 1156 3476 sensu
1170 3411 1302 3495 pulchri

189 3530 246 3578 eas
272 3516 391 3599 legere,
414 3524 448 3583 et
468 3538 536 3583 non
557 3519 659 3583 modo
687 3521 722 3583 in
742 3519 889 3602 singulis,
913 3535 991 3602 quae
1012 3521 1081 3581 tam
1103 3513 1302 3598 argumentis

190 3637 291 3700 quam
306 3640 419 3686 eorum
434 3624 631 3687 tractatione
645 3623 695 3688 ita
709 3621 874 3700 differunt,
893 3626 931 3685 ut
944 3621 1002 3684 alii
1023 3617 1164 3682 subinde
1185 3634 1301 3682 seusus

189 3722 414 3805 concipiendi
428 3725 494 3789 sint
523 3725 703 3809 interpreti,
734 3725 793 3808 qui
823 3725 858 3787 in
887 3742 990 3787 ease
1018 3724 1183 3786 insinuare
1208 3720 1300 3797 velit,

189 3825 319 3906 quavis
347 3825 539 3910 intelligere,
570 3826 753 3897 sedetiam
779 3826 960 3910 cujuslibet
988 3844 1151 3889 summam
1172 3822 1302 3886 univer·

181 3942 326 4010 'samque
343 3930 569 4012 praestantiam
588 3949 629 3994 ac
652 3930 792 3995 virttues
816 3947 1027 4013 cognoscere,
1047 3948 1122 4012 quae
1145 3944 1211 3989 non
1232 3930 1302 3988 tam

187 4027 327 4109 singulis
355 4032 465 4112 rebus,
496 4053 680 4117 earumque
717 4033 938 4098 enuntiatione
969 4038 1071 4117 atque
1102 4029 1301 4106 inventione,

179 4133 290 4212 'quam
304 4132 437 4199 illarum
457 4138 667 4215 tractatione,
683 4138 737 4201 vel
754 4139 900 4220 partium
915 4138 998 4201 inter
1012 4156 1049 4199 se
1064 4130 1301 4208 convenientia,

194 4236 227 4295 et
250 4234 293 4299 ad
316 4241 423 4303 totum
449 4238 690 4325 consiliumque
713 4240 907 4326 primarium
929 4238 1173 4324 conspiratione
1195 4230 1302 4300 conti·
