3059 4925
229 339 254 405 6
682 351 889 405 usurario.

230 516 358 577 nentur.
411 505 468 573 Ad
492 506 656 592 ejusmodi
678 506 856 571 editionem
884 504 1141 571 curandamme
1164 505 1333 592 aspirasse

229 614 321 681 baud
342 611 526 677 dissbnilo:
555 610 614 673 sed
637 628 737 694 quam
761 628 881 693 parum
907 609 951 672 ad
973 610 1074 673 talem
1097 615 1251 675 conatum
1273 612 1335 676 rite

231 715 468 804 perficiendmn
489 715 579 778 vires
601 732 687 778 meae
708 712 887 790 sufficiant,
906 732 959 777 me
981 715 1088 795 magis
1107 715 1142 777 in
1166 714 1239 778 dies
1262 734 1335 779 sen·

232 821 328 898 sisse,
342 839 409 886 non
422 818 503 883 ficta
516 817 660 902 quadam
674 816 847 893 modestia,
863 816 923 902 sed
937 836 982 880 ex
996 817 1107 880 animo
1122 816 1290 900 profiteor.

276 924 433 988 Omnium
459 942 550 1001 vero,
581 941 666 1005 quos
696 941 841 1004 unquam
876 920 1029 997 exhausi,
1057 920 1210 984 laborum
1238 922 1334 1004 longe

227 1027 454 1094 molestissimi
467 1025 558 1089 fuere
581 1025 703 1108 partim
715 1025 817 1089 lectio
831 1024 1150 1100 commentariorum,
1173 1025 1232 1108 qui
1253 1030 1334 1089 tem·

229 1131 323 1216 poris
341 1131 505 1214 jacturam
520 1128 629 1193 fructu
650 1127 726 1191 inde
748 1133 908 1212 percepto
930 1128 1119 1210 neutiquam
1142 1146 1335 1211 compensa·

227 1234 322 1313 bant,
342 1240 376 1299 et
390 1234 422 1296 in
439 1233 647 1297 Henniniana
660 1232 805 1296 editione
827 1230 872 1294 ad
894 1229 1047 1314 quemvis
1069 1247 1199 1293 versum
1223 1231 1335 1310 singu·

227 1334 323 1401 latim
336 1340 428 1399 erant
440 1333 627 1410 evolvendi,
649 1334 771 1417 partim
794 1333 929 1397 collatio
942 1338 992 1397 tot
1015 1330 1171 1395 codicum
1184 1337 1218 1396 et
1231 1333 1334 1417 scrip·

228 1441 335 1503 torum
349 1444 383 1503 et
396 1438 570 1515 editorum,
591 1455 732 1520 quorum
746 1436 851 1499 multo
864 1435 1047 1498 maximam
1068 1439 1194 1517 partem
1215 1435 1289 1518 ipse
1312 1453 1335 1499 a

227 1540 392 1624 principio
407 1536 563 1604 adfinem
585 1539 793 1622 comparavi,
816 1556 893 1601 cum
908 1535 1056 1600 nondum
1071 1555 1093 1599 a
1107 1554 1275 1618 quoquam
1296 1534 1334 1599 id

223 1643 353 1707 factum
379 1641 549 1720 vidissem,
571 1641 693 1725 partim
718 1639 861 1724 denique
887 1638 1050 1703 confectio
1074 1637 1203 1702 Indicis
1225 1657 1334 1702 rerum

227 1746 467 1830 verborumque
480 1744 647 1809 uberrimi.

270 1846 336 1911 Tot
349 1852 525 1932 tantasque
539 1847 749 1912 difficultates
768 1848 799 1912 si
821 1848 897 1931 quis
920 1847 1132 1932 reputaverit,
1152 1864 1217 1910 uon
1234 1844 1334 1909 mira·

226 1949 313 2015 bitur
334 1950 497 2034 profecto,
520 1950 666 2014 nondum
687 1950 792 2014 fuisse
815 1968 1014 2034 quenquam,
1039 1947 1097 2031 qui
1120 1952 1246 2011 tantum
1269 1947 1335 2012 sibi

230 2052 352 2131 oneris,
385 2057 543 2141 quantum
570 2072 633 2137 ego
661 2053 856 2137 receperim,
885 2051 1014 2137 imponi
1037 2057 1213 2135 peteretur,
1238 2057 1271 2113 et
1298 2051 1334 2114 in

226 2155 345 2220 eodem
372 2162 559 2222 constanter
580 2162 831 2240 ‘perseverarem
861 2157 1057 2239 multosque,
1082 2174 1165 2238 quos
1191 2154 1276 2218 infra
1300 2154 1335 2217 in

228 2256 302 2323 Iud.
318 2257 421 2323 Editt.
437 2264 522 2324 extr.
536 2259 694 2338 laudabo,
717 2279 739 2324 a
752 2260 893 2324 consilio
917 2258 1035 2324 edendi
1056 2258 1242 2334 luvenalis,
1259 2257 1334 2342 jam

225 2358 283 2423 diu
307 2365 415 2425 mente
441 2363 577 2444 agitato,
603 2360 784 2427 destitisse.
837 2361 959 2446 Neque
985 2381 1047 2445 ego
1075 2362 1185 2437 telam,
1211 2360 1333 2424 centies

225 2463 435 2548 impatientia
461 2466 647 2550 abruptam,
677 2467 912 2551 qualicumque
940 2466 1069 2531 ratione
1081 2464 1332 2542 ,detenuissem

223 2566 290 2631 nisi
305 2571 374 2631 tum
388 2566 586 2631 verecundia
600 2567 797 2647 obstitisset,
820 2587 887 2652 quo
901 2568 1009 2631 minus
1027 2566 1126 2630 fidem
1148 2571 1197 2630 tot
1219 2566 1333 2631 tantis·

225 2687 290 2752 que
304 2669 387 2734 viris
409 2668 523 2734 datam
537 2669 693 2750 fallerem,
717 2691 862 2755 opesque
877 2672 920 2735 ab
934 2670 1002 2734 illis
1015 2669 1139 2734 frustra
1158 2669 1239 2732 mihi
1252 2688 1333 2753 sup·

225 2769 406 2852 peditatus,
421 2773 571 2857 nullique
595 2772 694 2857 plane
714 2775 795 2837 usui
818 2772 931 2859 politae
945 2772 1058 2858 ⁸fuisse
1081 2773 1241 2854 sinerem;
1262 2777 1333 2836 11111

224 2870 301 2956 ipsa
322 2874 470 2956 gravitas
487 2894 529 2940 ac
543 2874 720 2941 multitudo
734 2896 858 2956 eorum,
883 2896 960 2961 quae
984 2864 1161 2940 conatibus
1183 2873 1249 2938 mei
1271 2874 1351 2937 im·,

223 2975 412 3057 pedimento
441 2977 593 3056 fuissent,
623 2982 745 3043 11111111
778 2979 860 3044 mihi
891 2977 1142 3062 jucundamque
1176 2977 1333 3041 iecissent

224 3091 320 3157 spem
348 3079 460 3143 veniae
486 3078 628 3163 alicujus
658 3098 699 3143 ac
727 3078 938 3163 indulgentiae
965 3080 1110 3144 11111111
1136 3079 1331 3161 doctorum3

224 3176 346 3259 quibus
365 3180 502 3243 meliora
523 3184 557 3243 et
574 3199 665 3246 nunc
685 3182 772 3247 sorte
795 3182 975 3261 dedissem,
994 3188 1029 3247 et
1052 3183 1132 3246 olim
1153 3182 1277 3259 darem,
1301 3183 1332 3247 si

225 3277 427 3362 contingeret
438 3279 520 3343 mihi
535 3300 610 3346 esse
630 3287 700 3347 tam
713 3283 818 3364 felici,
838 3290 958 3350 utnon
978 3304 1078 3350 usum
1091 3283 1190 3349 modo
1210 3284 1331 3348 biblio-

223 3378 402 3461 thecatum,
426 3382 469 3447 ad
492 3402 579 3466 quas
600 3385 655 3464 iis,
681 3387 743 3471 qui
766 3388 976 3454 scholasticis
996 3387 1170 3470 funguntur
1190 3388 1333 3450 muneri·

222 3479 299 3559 bus,
328 3482 438 3549 aditus
465 3485 660 3573 plerumque
688 3508 754 3554 non
783 3496 889 3574 patet,
919 3488 980 3554 sed
1007 3491 1084 3573 plus
1112 3508 1245 3573 quoque
1271 3487 1332 3552 otii

219 3581 394 3650 haberem:
419 3607 557 3669 quarum
577 3610 683 3656 rerum
701 3592 951 3677 jucundissima
969 3611 1048 3676 spes
1070 3591 1244 3676 praesentis
1266 3589 1331 3657 for·
1390 3678 1392 3683 s

221 3689 309 3749 tunae
328 3687 484 3753 solatium
499 3697 561 3755 cst.

265 3785 354 3857 Haec
377 3808 488 3872 pauca
509 3811 576 3857 non
595 3814 695 3859 unam
715 3796 758 3859 ob
782 3815 920 3861 causam
942 3794 1181 3882 praemonenda
1201 3793 1327 3873 censui,

221 3887 413 3972 priusquam
425 3889 525 3977 hujus
540 3896 697 3963 editionis
711 3898 856 3963 indolem
870 3903 903 3963 et
918 3901 1093 3964 consilium
1113 3897 1328 3975 declararem,

220 3989 310 4073 quod
337 4010 425 4057 nune
453 3995 596 4063 breviter
625 4000 820 4085 expediam.
874 4001 959 4067 Cum
986 4022 1064 4068 vero
1089 4000 1206 4065 eadem
1231 4017 1330 4084 paene

218 4108 299 4154 usus
320 4093 383 4158 sim
404 4097 542 4178 ratione,
568 4119 671 4184 quam
696 4102 731 4166 in
758 4102 843 4168 Silio
866 4103 995 4168 edendo
1018 4101 1218 4187 sequendam
1241 4101 1328 4163 dux-

218 4192 317 4277 erim
342 4198 476 4264 easdem
498 4221 630 4285 quoque
652 4223 705 4269 res
725 4204 844 4272 iisdem
868 4206 1061 4290 plerumque
1082 4204 1192 4270 verbis
1218 4221 1323 4286 expo-
