3059 4925
625 405 832 458 rusulum.
1259 379 1284 462 9

180 552 366 639 poeniteret,
394 557 494 636 atque
522 551 576 630 iis,
604 554 663 636 qui
694 556 859 639 longiores
888 555 1133 639 disputationes
1166 559 1209 624 de
1233 565 1284 628 tot

180 656 359 740 exquisitis
375 654 506 719 dicendi
519 655 681 734 formulis,
691 660 857 741 rebusque
868 659 1231 744 historicis-myrthum,
1241 683 1284 729 ac

180 759 421 843 geographicis
435 759 546 823 ubivis
566 760 601 823 in
615 760 809 827 doctissimo
822 760 923 846 po'eta
936 763 1058 840 obviis,
1073 765 1285 847 requirerent,

180 860 315 947 (quales
326 862 452 945 passim
462 860 699 947 inveniuntur,)
712 883 776 927 non
787 864 923 928 laterent
936 867 1115 943 uberiores,
1126 870 1212 932 unde
1225 891 1285 936 eas

182 968 339 1046 peterent,
353 962 473 1041 fontes,
488 969 522 1028 et
537 964 669 1048 quidem
690 967 842 1052 plerique
864 968 918 1032 vel
945 968 1029 1032 adeo
1052 988 1177 1047 omnes,
1193 978 1239 1050 ut,
1256 975 1286 1038 si

181 1063 269 1129 bunc
282 1066 337 1131 vel
350 1067 444 1131 illum
455 1066 545 1131 adire
559 1087 624 1130 non
638 1074 786 1151 possent,
798 1068 892 1154 (quae
905 1071 1007 1134 tristis
1022 1073 1198 1136 multorum
1213 1094 1287 1139 sors

182 1170 261 1253 est)
276 1169 319 1234 ad
332 1170 415 1234 alios
431 1170 653 1253 confugerent.
699 1172 853 1256 Denique
869 1175 913 1237 iis
927 1174 1040 1253 etiam,
1056 1177 1113 1260 qui
1129 1177 1209 1240 talia
1220 1195 1288 1240 non

182 1275 381 1355 desiderant,
393 1296 434 1341 eo
445 1278 618 1361 prospexi,
630 1278 720 1361 quod
730 1279 789 1343 illa
798 1280 907 1362 redegi
922 1280 1111 1345 informem
1126 1277 1287 1359 notarum,

183 1395 268 1459 quas
281 1381 448 1461 praeterire
462 1384 614 1463 possunt.

227 1479 406 1565 Praecipua
420 1503 552 1568 quoque
567 1504 648 1548 cura
660 1483 742 1550 mibi
755 1486 818 1550 luit
831 1487 916 1564 haec,
940 1491 1055 1550 utnon
1070 1486 1171 1550 modo
1186 1486 1289 1552 editio

182 1602 258 1647 mea
282 1584 474 1667 juvenibus,
497 1588 659 1652 bonarum
681 1589 850 1654 literarum
875 1590 1048 1668 studiosis
1073 1592 1194 1673 quibus
1216 1610 1290 1658 eam

182 1687 395 1769 potissimum
423 1688 603 1769 destinavi,
628 1693 717 1774 plus,
748 1713 849 1777 quarn
878 1694 946 1757 ulla
974 1694 1052 1771 alia,
1083 1693 1126 1756 ad
1155 1691 1291 1777 poetam

181 1787 355 1870 legendum
378 1791 688 1878 intelligendumque
711 1795 893 1879 proficeret,
909 1817 968 1860 uec
995 1796 1175 1880 quicquam
1195 1797 1229 1859 in
1251 1813 1291 1859 ea

183 1891 393 1970 omitteretur,
417 1895 508 1978 quod
531 1917 664 1961 erucem
689 1898 732 1961 iis
756 1898 854 1979 figere
876 1904 1009 1983 posset3
1041 1898 1100 1962 sed
1123 1900 1291 1963 doctiores

183 1994 297 2073 etiam,
323 1996 359 2059 in
384 1997 470 2062 locis
499 2005 586 2064 certe
613 2001 873 2077 obscurioribus
896 2000 989 2064 illam
1012 2002 1201 2084 inspexisse
1225 2020 1291 2063 non

183 2116 320 2179 prorsus
332 2100 471 2183 pigeret,
487 2103 594 2187 iisque
609 2104 720 2166 sinon
733 2102 899 2183 ingenium
913 2107 1102 2183 rectumque
1113 2101 1290 2185 judicium,

184 2200 303 2264 saltem
318 2202 464 2266 studium
477 2206 666 2287 probarem,
685 2205 845 2269 varietate
857 2204 1010 2267 lectionis
1024 2225 1043 2266 e
1057 2209 1106 2267 tot
1120 2201 1293 2268 codicibus

182 2311 352 2388 excerpta.
397 2306 542 2372 Duobus
553 2310 665 2391 itaque
682 2305 1006 2372 animadversionum
1021 2307 1195 2389 generibus
1205 2306 1291 2370 hanc

182 2407 360 2475 editionem
382 2410 608 2476 instruendam
629 2412 772 2497 putavi3
804 2430 942 2496 quorum
967 2412 1106 2476 alterum
1130 2412 1294 2495 spectaret

183 2512 227 2576 ud
250 2532 365 2578 veram
379 2512 555 2581 Juvenalis
580 2516 756 2580 lectionem
779 2515 1054 2598 investigandam,
1080 2514 1166 2599 (quo
1192 2513 1293 2576 etiam

184 2611 344 2678 Recursus
374 2618 548 2700 pertinent,
577 2619 612 2681 in
640 2637 724 2702 quos
752 2618 952 2702 prolixiores
978 2617 1086 2682 critici
1112 2614 1292 2697 argumenti
1382 2678 1385 2681 .

184 2719 432 2785 observationes
445 2717 575 2804 rejeci)
598 2720 738 2785 alterum
760 2741 840 2785 vero
864 2720 907 2784 ad
930 2740 1039 2783 rerum
1053 2719 1294 2799 verborumque

185 2820 397 2887 difficultates
410 2822 639 2889 removendas.
685 2822 815 2886 Etenim
830 2842 937 2907 neque
959 2840 1073 2884 eorum
1095 2820 1180 2883 ratio
1203 2819 1294 2882 insti·

183 2931 355 3012 tutumque
374 2924 578 3009 probandum
594 2923 734 3003 videtur,
751 2925 890 3008 quinon
904 2924 968 2986 nisi
988 2925 1022 2987 in
1041 2926 1135 2985 textu
1149 2920 1294 2985 auctoris

184 3027 329 3113 alicujus
345 3029 538 3112 corrigendo
551 3029 716 3105 laborant,
732 3028 881 3110 satisque
899 3027 1021 3090 habent
1038 3025 1207 3089 variarum
1228 3022 1295 3087 lec·

182 3131 313 3197 tionum
336 3132 532 3215 farraginem
556 3131 704 3215 undique
733 3130 769 3194 in
794 3120 896 3193 unum
925 3128 1134 3209 congessisse
1160 3125 1295 3206 locum3

183 3255 292 3318 neque
315 3257 441 3317 eorum,
461 3237 518 3319 qui
542 3214 595 3299 res
620 3239 747 3300 tautum
770 3240 803 3298 et
823 3234 925 3298 verba
948 3232 1120 3315 scriptoris
1135 3229 1296 3293 illustrare

183 3339 373 3404 instituunt.
442 3339 532 3403 lllud
572 3357 633 3421 per
671 3356 708 3401 se
746 3336 882 3420 quidem
910 3336 1033 3399 bonum
1064 3337 1096 3396 et
1124 3332 1206 3395 utile
1224 3334 1296 3407 est,

186 3459 247 3504 nee
270 3445 380 3505 tamen
406 3438 526 3505 sufficit
549 3441 592 3505 ad
616 3440 739 3503 librum
765 3459 839 3502 cum
869 3437 978 3501 fructu
1005 3434 1202 3516 legendum3
1233 3431 1298 3495 hoc

163 3533 310 3620 'eutem
338 3539 404 3606 nisi
427 3541 607 3625 legitimam
637 3543 737 3605 crisin
766 3539 936 3616 adhibeas,
969 3537 1100 3621 quade
1128 3555 1207 3601 vera
1232 3534 1298 3598 lec-

185 3645 277 3708 tione
300 3648 440 3723 constet,
469 3644 656 3727 saepissime
689 3662 809 3727 perum
846 3641 1021 3726 procedit:
1065 3658 1143 3703 uam
1179 3638 1299 3702 frustra

184 3747 408 3829 interpretari.
429 3746 602 3810 conaberis
633 3751 718 3823 ante,
742 3765 843 3827 quam
874 3747 1032 3827 corrupta
1061 3739 1297 3806 emendaveris.

190 3848 310 3935 Neque
329 3869 412 3915 vuero
434 3849 560 3915 criticae
589 3853 679 3913 notae
712 3848 755 3911 ab
786 3848 849 3910 bac
883 3845 1025 3911 editione
1058 3845 1175 3909 alienae
1196 3861 1320 3940 prop·⁸

187 3956 278 4016 terea
305 3951 479 4017 censendae
510 3957 597 4029 sunt,
620 3950 709 4034 quod
736 3950 904 4035 juventuti¹
933 3968 975 4013 eu
1005 3950 1041 4012 in
1071 3948 1187 4031 primis
1217 3962 1298 4007 con-

187 4056 315 4119 sultum
346 4055 451 4119 volui.
518 4053 609 4118 Nam
623 4082 626 4089 ·
640 4053 684 4117 ad
714 4051 910 4117 Juvenalem
943 4072 1019 4116 cum
1051 4051 1160 4116 fructu
1189 4049 1300 4129 legen-

187 4155 270 4222 dum
300 4157 325 4222 ii
357 4158 489 4221 demum
521 4156 748 4233 admittuntur,
783 4156 841 4238 qui
875 4160 1016 4218 mentem
1047 4154 1119 4237 jam
1148 4151 1297 4234 aliquan-

187 4263 262 4340 tum
303 4259 475 4326 literarum
517 4259 728 4344 antiquarum
761 4255 880 4322 studiis
916 4256 1103 4334 excoluere,
1149 4254 1297 4353 adeoque
