3059 4925
20 4506 22 4521 l

20 4524 22 4549 l

579 369 834 424 nouauoauu.
1213 361 1257 430 61

156 518 275 602 palati,
308 518 429 585 modim
470 518 646 585 comoediae
693 520 898 603 temporibus
928 513 1133 603 conticuere,
1164 533 1257 610 post·

156 630 265 703 quam‘
282 622 419 704 publica
447 621 519 705 iege
540 641 606 686 non
636 622 766 701 chorus,
790 622 851 687 se'd
876 625 1040 694 maledica
1062 626 1137 711 ejus
1157 628 1258 694 licen·

156 723 206 787 tia
244 725 379 789 sublata
416 729 499 802 erat,
525 730 558 790 et
590 727 735 809 ingentes
763 730 904 805 sumtus,
935 729 970 792 in
1005 729 1094 798 illius
1116 750 1259 815 appara*

156 830 234 889 tum·
247 826 497 911 impendendos,
511 829 599 894 ultra
618 821 831 913 suppeditare
861 837 1095 897 recusaverant
1115 833 1151 910 ii,
1173 853 1259 918 ques

156 927 213 994 ille
227 929 355 1012 saepius
369 931 588 1016 acerbiusque
601 932 855 1015 perstrinxeram
877 932 919 997 de
932 953 1001 1018 quo
1014 954 1049 999 r.
1064 934 1259 1002 Eicbstacdt

157 1028 200 1093 de
214 1029 318 1096 uam.
332 1029 447 1097 Graec.
470 1035 679 1099 comico-sat·
704 1053 740 1117 p.
763 1030 837 1118 78.)
857 1035 1001 1099 maxime
1028 1034 1261 1104 dominabatur

156 1131 378 1216 intemperans
392 1134 451 1198 illa
465 1133 646 1198 cavillandi
660 1133 850 1218 civiumque
869 1133 1122 1206 deridendum
1145 1136 1261 1204 libido.

156 1230 309 1302 Eandem
336 1254 416 1302 uero
439 1236 612 1320 spirabant
636 1254 704 1302 nou
731 1236 832 1300 modo
861 1233 1036 1300 dramatico
1066 1236 1263 1306 ureconuu

158 1336 317 1414 carnum,
332 1337 392 1402 sed
413 1338 514 1404 etiam
527 1336 624 1422 spico,
645 1336 696 1423 (r.
712 1349 747 1403 c.
768 1338 865 1416 illud,
890 1339 981 1423 quod
995 1340 1191 1426 inscriptum
1211 1346 1263 1412 eat

159 1435 324 1523 Μαργίτης,
347 1444 381 1505 et
403 1459 581 1525 perperam
598 1440 748 1508 Homero
761 1441 927 1518 tribuitur,
942 1439 984 1505 de
999 1460 1066 1526 quo
1080 1459 1113 1508 v.
1127 1441 1263 1510 Fabrie.

152 1541 250 1608 uiui.
267 1542 378 1609 Graec.
392 1542 474 1609 Vol.
490 1561 516 1610 1.
530 1564 567 1628 p.
580 1544 657 1610 883.
679 1544 732 1609 od.
749 1541 902 1628 Harles.)
922 1541 1022 1628 lyrico
1042 1546 1097 1610 vei
1118 1544 1263 1628 iambica,

156 1643 214 1730 (ut
227 1643 432 1723 Archilochi,
447 1667 558 1732 quem,
573 1646 735 1712 utverbis
758 1645 884 1711 Horat.
908 1645 972 1730 Ep.
996 1645 1041 1710 ad
1063 1646 1136 1714 Pis.
1158 1669 1192 1714 v.
1207 1651 1263 1718 79.

158 1752 246 1825 utar,
258 1748 387 1832 proprio
400 1747 503 1813 rabies
518 1748 655 1813 emovit
672 1746 818 1839 iambo,¹0
839 1755 872 1813 et
897 1748 1138 1834 Hipponactis,
1152 1751 1266 1819 iuven-

157 1849 374 1918 inreverens
398 1852 535 1918 iambici
558 1852 735 1929 scanorrtis,
757 1853 816 1935 qui
840 1850 1060 1916 amaritudine
1083 1855 1266 1921 carminum

160 1955 323 2038 quosdam
337 1956 382 2020 ad
395 1957 550 2041 laqueum
568 1956 769 2042 compulisse
785 1955 991 2033 credebatur,
1007 1960 1092 2021 teste
1107 1956 1195 2034 Plin.
1209 1958 1265 2025 86.

158 2057 191 2118 b.
215 2056 308 2141 quod
332 2057 438 2130 ,etiam
466 2058 507 2122 de
534 2056 739 2124 Archilocho
766 2057 996 2142 praeteralios
1017 2057 1118 2126 tradit
1142 2059 1265 2127 Horat.

149 2155 271 2242 Epod.
285 2160 320 2225 6.
341 2162 397 2226 la.
424 2166 458 2226 et
482 2160 589 2246 Epist.
606 2179 631 2227 ι.
645 2163 699 2227 lo.
715 2157 790 2243 25.)
808 2166 842 2224 et
853 2156 1021 2237 didacum,
1036 2160 1266 2230 mutuemus

159 2259 281 2343 poiima
293 2261 336 2327 sle
351 2263 522 2328 mulierum
535 2263 695 2341 muribus,
709 2267 742 2327 et
757 2257 844 2337 Silii,
871 2259 975 2328 Simu
999 2280 1028 2326 a.
1055 2263 1170 2338 Σελλοὶ,
1194 2283 1266 2330 car·

161 2362 252 2427 mina
276 2364 450 2442 maledica,
474 2383 541 2430 nou
566 2385 589 2431 a
611 2364 785 2430 dicacibus
812 2361 951 2440 Σιλῆνοις,
978 2363 1038 2430 sed
1053 2384 1075 2429 a
1088 2363 1199 2430 sinam
1213 2369 1267 2436 uel

560 2548 565 2561 ⁸
659 2502 768 2598 NOiAE

63 2648 68 2660 ’
162 2630 644 2727 smuiqnededecoreerantim'amas:
661 2668 695 2711 eo
735 2673 787 2725 quo
806 2660 890 2710 miuus
908 2662 1036 2714 actionem
1048 2662 1268 2729 t'rbnlaeexagu‘s

162 2735 273 2798 amplior
281 2736 440 2800 suppetebat
455 2736 540 2803 potitis
557 2739 590 2789 od
605 2737 695 2802 jecau-
735 2738 762 2786 in
774 2738 864 2787 urbem
874 2736 1042 2803 deducerent,
1060 2755 1215 2806 scenamque
1234 2742 1268 2792 ad

160 2802 224 2860 dnm
234 2811 640 2879 maledicendnmquemateries3
653 2828 696 2863 ee·
736 2813 869 2864 comedia
877 2810 1069 2865 similitudinem
1076 2826 1267 2880 compararent.

164 2901 215 2951 qne
236 2886 384 2939 mamam
409 2898 466 2939 erat
493 2891 696 2954 ignominiosius,
735 2884 792 2941 44.
824 2892 891 2942 Cum
902 2892 1003 2956 tragica
1017 2892 1135 2955 assyrios
1152 2893 1269 2956 ριιιιιιιι

162 2964 315 3028 Satyrum
333 2965 425 3017 babitu
439 2968 557 3019 indutum
568 2968 696 3033 exagitari
735 2973 807 3018 esset
817 2973 958 3017 consecuta
968 2967 1206 3034 celebritatemque,
1216 2984 1269 3023 non

165 3040 191 3090 in
199 3042 370 3094 merua-s,
402 3041 480 3094 Aliud
491 3042 628 3096 discrimen
640 3061 696 3095 cer·
736 3042 884 3093 sustinebat
894 3042 922 3092 iu
932 3058 1036 3094 scenam
1047 3043 1164 3109 prodire,
1175 3044 1224 3095 nisi
1235 3047 1269 3097 ad

165 3119 274 3170 uebatur
290 3119 318 3170 in
334 3121 391 3170 locu
418 3123 529 3173 actionis
548 3122 695 3187 deligendo,
736 3118 868 3182 publicam
880 3121 1092 3171 communitatem
1103 3134 1163 3171 cum
1175 3129 1269 3188 tragu-

161 3197 430 3261 seenaquedramatis
441 3199 600 3250 mimum.
628 3202 697 3252 Nom
737 3194 788 3245 diis
798 3195 959 3246 consociata.
992 3198 1098 3249 comica
1114 3199 1195 3250 solun
1212 3214 1270 3257 sese

165 3288 224 3323 eum
245 3274 340 3336 tragici
356 3274 451 3339 poeta,
469 3276 581 3340 mecum
598 3291 697 3328 morem
738 3279 766 3322 et
776 3273 831 3322 sine
852 3280 985 3337 praeeunte
997 3276 1092 3325 comite
1111 3274 1206 3326 oii'crre
1225 3292 1273 3342 po·

166 3351 260 3415 secuti,
279 3350 374 3400 Sssenls
396 3366 426 3401 sc
445 3352 545 3417 Satyris
563 3353 697 3417 primarias
737 3350 798 3413 pulo
815 3349 877 3398 nibil
894 3351 1128 3402 verecundabatur.
1159 3353 1273 3404 Tametsi

165 3426 290 3490 quadam
307 3435 393 3490 partes
404 3429 573 3479 detulissent:
591 3444 697 3480 eonseuae
736 3427 805 3476 enim
818 3426 922 3476 comicis
934 3427 1020 3490 politis
1034 3443 1108 3492 aque
1118 3444 1150 3478 ac
1167 3424 1272 3495 magicis

165 3511 280 3568 mnata,
297 3505 337 3554 eti
354 3512 421 3568 mat,
438 3506 476 3555 lta
489 3506 626 3570 putabant,
643 3520 698 3557 sce·
738 3503 802 3552 artis
828 3501 946 3567 quedam
969 3510 1045 3553 erant
1067 3506 1224 3567 certamim
1239 3520 1273 3565 ea

166 3582 616 3647 sammriaperirc,eamqueemare
623 3584 698 3632 arbo-
738 3585 834 3638 umen,
846 3580 880 3629 ob
900 3580 1030 3632 diversum
1043 3583 1178 3646 poetarum
1188 3584 1273 3639 consi·

167 3663 249 3726 ribus,
264 3662 406 3727 speluncis,
422 3661 561 3725 montibus,
582 3662 699 3727 reliquis·
739 3657 809 3715 lium,
831 3671 882 3706 nou
905 3658 997 3707 eodem
1017 3656 1123 3708 fuerunt
1142 3652 1272 3710 instructu

166 3752 216 3803 que
222 3738 367 3802 agresfibus
374 3737 460 3798 rebus
465 3738 492 3786 iu
501 3736 699 3802 topiariioperls
738 3732 883 3785 fabularum
894 3736 1071 3800 comitatuque
1081 3734 1190 3788 oruata.
1255 3736 1260 3749 ¹

94 3836 101 3845 ·
168 3815 282 3876 spectem
305 3812 469 3876 deformatis,
494 3814 614 3879 qnoniam
633 3815 700 3865 Bac-
772 3817 805 3864 lt
821 3815 863 3864 Ex
877 3814 917 3863 bis
930 3813 1094 3863 verbismale
1107 3813 1211 3875 quidam
1222 3814 1274 3873 eei·

163 3889 350 3955 cbasejnsqms
370 3891 434 3941 socii
453 3891 594 3957 sylvestres
614 3891 701 3943 celem
739 3890 834 3954 llgunt,
855 3888 1037 3940 Archilochum
1057 3889 1135 3939 fuisse
1156 3892 1274 3945 invento·

169 3965 509 4033 regionesaci'requentase
517 3965 700 4017 credebantur
741 3980 796 4016 rem
807 3965 923 4015 Iambus
940 3964 1041 4014 iambici
1056 3981 1142 4015 versus
1143 3967 1205 4031 ,qai
1217 3954 1273 4030 juia

170 4040 259 4107 biajor
267 4050 326 4092 crat
332 4043 382 4093 bac
391 4043 419 4093 in
431 4056 459 4092 rc
468 4043 575 4093 libertas
585 4044 700 4097 Comicis
740 4044 824 4093 multo
833 4048 894 4092 ante
906 4041 939 4091 acl
951 4040 1062 4091 dicteria
1072 4040 1213 4106 adbibitus,
1232 4040 1274 4092 ut·
1274 4046 1276 4053 '

173 4117 305 4182 prmissa·
337 4119 374 4169 su
390 4122 461 4169 enim
480 4130 521 4183 ut,
538 4122 639 4185 Satyris
657 4134 711 4173 ex·
742 4118 1002 4187 quopropriusfuit3
1019 4117 1274 4184 ιιιιᾶείψβζωωι-

173 4194 521 4257 summoturum
526 4198 703 4261 quasiomatu
742 4197 969 4279 metipsos
983 4199 1232 4291 sermnisdrssssa

174 4268 702 4338 &muraenarumuulobsubsa
