3059 4925
624 347 849 398 ruvuusurs.
1246 329 1291 398 w

179 493 391 578 bmgoetue
408 494 539 578 signare
556 512 622 562 non
635 493 798 570 solebant,
813 492 1020 562 aru-uiae
1032 493 1109 562 bn.
1153 489 1291 562 iuncum

181 604 292 676 autem
307 601 364 662 aut
383 592 411 658 V
411 595 513 664 iocum
527 596 652 662 nullum
674 614 810 680 prorsus
835 600 1020 679 agnoscunt
1033 595 1150 661 borum
1164 600 1292 684 tempo·

180 718 255 766 rum
266 698 359 764 Fasti
371 700 453 772 inter
464 697 627 782 Consules
636 696 843 764 Ordinanos.
860 695 998 763 Rectim
1009 716 1088 781 ergo
1099 696 1291 768 iniicere

160 839 166 852 ·
181 807 307 885 purant
331 801 456 868 Codices
471 810 505 868 et
516 798 588 884 fide
602 802 725 886 pariter
743 807 778 866 et
792 819 916 864 numero
930 802 1087 886 potiores,
1101 821 1143 866 ne
1157 804 1292 888 qnidam

182 904 274 970 metri
293 907 420 972 retiorm
432 904 632 988 refragante,
645 910 681 968 ut
697 905 770 990 jam
789 903 869 968 olim
890 904 1082 969 observavit
1095 903 1292 976 Salmasius.

182 1007 229 1078 Et
244 1006 378 1092 quidem
401 1006 534 1071 Junium
547 1007 715 1091 duplicem
733 1006 857 1072 babent
877 1006 972 1074 Fasti
996 1008 1106 1074 soavi
1122 1008 1290 1091 Juvmeu,

182 1112 286 1186 alium
302 1110 483 1176 Domitiani
497 1112 531 1176 iu
548 1126 586 1175 X.
610 1107 793 1174 Consulatu
808 1107 990 1191 Collegium,
1005 1106 1291 1194 AppiumJuaium

184 1211 348 1290 Setinum,
371 1232 456 1278 mmo
483 1213 620 1280 Domini
647 1227 826 1289 cxxxiv„
851 1210 953 1276 ulium
974 1209 1143 1277 Hadriani
1166 1213 1202 1277 in
1225 1234 1289 1282 suo

181 1316 295 1381 itidem
318 1314 502 1381 Consulatu
517 1333 572 1381 rrr.
589 1316 748 1399 collegam
774 1311 816 1381 Q.
833 1310 967 1377 Juuium
992 1310 1166 1379 Rusticum.
1212 1315 1291 1398 Quo

46 1451 49 1454 ·
181 1419 293 1498 miuus
316 1420 405 1503 prior
428 1418 564 1501 intelligi
582 1417 698 1502 possit,
720 1417 856 1482 obstant
877 1417 935 1483 illa
956 1418 1076 1497 emnia,
1095 1438 1173 1503 quaa
1194 1421 1291 1486 iubis

180 1521 267 1605 ipsis
294 1521 412 1585 Satiris
438 1526 623 1598 occurrunt,
654 1516 831 1582 Domitiani
859 1521 1063 1604 temporibus
1098 1523 1290 1590 recentiora·

181 1622 403 1690 Posteriorem
424 1644 502 1707 ergo
526 1624 725 1690 intellexerit
751 1628 883 1707 oportet
907 1642 994 1689 anno
1019 1624 1112 1689 AErae
1145 1631 1291 1710 recepta

183 1742 294 1791 cxix.
340 1725 419 1792 Hoc
437 1745 516 1808 ergo
540 1745 628 1792 anno
640 1731 711 1794 erat
727 1725 761 1788 in
775 1722 867 1786 exilio
883 1721 1050 1792 Jueeoob'r
1061 1726 1156 1792 testis
1166 1746 1291 1808 aarum,

183 1848 271 1912 quas
295 1829 429 1906 deridet,
451 1830 607 1906 rixarum.
652 1827 720 1894 Sed
742 1847 822 1893 vero
847 1823 950 1890 chro
973 1827 1067 1892 illum
1089 1827 1210 1914 ejicere
1225 1850 1292 1897 uon

181 1933 293 2015 potuit
311 1928 473 2016 Trojaaur,
488 1931 546 2015 qul
569 1933 613 1996 ab
636 1950 722 1996 anno
737 1951 841 2015 usquc
863 1948 957 1997 cxrr.
988 1930 1109 1998 Romae
1129 1932 1201 2016 ipse
1222 1951 1292 1999 non

182 2034 292 2112 affuit,
304 2054 365 2102 nec
378 2034 477 2102 etiam
491 2042 566 2102 ante
589 2055 709 2100 aunum
723 2050 858 2100 cxvrrr.
874 2054 941 2118 quo
959 2032 1104 2100 Romam
1116 2036 1209 2100 venit
1223 2035 1291 2101 Im·

182 2142 326 2224 perator,
347 2134 539 2202 Hadrianus.
563 2136 684 2202 Romae
699 2138 787 2202 enim
800 2143 880 2202 nala
893 2134 1045 2202 asterius
1058 2135 1185 2216 occasio,
1201 2137 1292 2223 quod

184 2233 294 2312 Roma
307 2236 430 2300 Satires
443 2239 643 2318 recitaverit,
662 2238 754 2322 quod
772 2235 878 2302 Romu
891 2237 1046 2306 oecundis
1059 2241 1207 2310 omnium
1223 2240 1291 2306 sni·

181 2338 297 2424 fragiis
306 2347 470 2425 exceptus
484 2340 594 2419 suerit,
610 2341 700 2425 quod
714 2336 822 2406 Rome
837 2340 998 2425 Princeps
1010 2319 1077 2421 ssle,
1089 2342 1291 2427 quicumque

182 2443 293 2530 suerit,
305 2445 438 2533 ingeniis
453 2442 590 2533 foverit,
605 2442 855 2533 perfecturisque
868 2442 988 2530 poetas
1001 2445 1197 2513 mmuueruri
1212 2446 1293 2515 soli·

182 2550 368 2631 maluerit,
391 2549 578 2634 etquidem
596 2548 881 2633 interpellantibus
903 2548 975 2633 (qui
1001 2546 1135 2619 Paridis
1157 2550 1192 2615 in
1213 2547 1291 2616 locu

181 2653 289 2721 videri
303 2650 458 2739 possent)
479 2671 540 2717 seu
558 2650 676 2730 amicis,
691 2671 751 2717 seu
764 2650 894 2720 libertis.
938 2650 1021 2717 Inde
1043 2652 1132 2717 euim
1152 2651 1292 2732 sactum,

183 2762 306 2841 utquae
321 2756 357 2821 in
368 2752 498 2821 Paridis
512 2754 592 2820 olim
606 2749 744 2842 delnoti
753 2754 971 2840 opprobrium
984 2753 1174 2837 scripsisset
1186 2752 1291 2821 Juve-

184 2859 284 2938 natis,
294 2878 337 2924 ea
350 2857 511 2942 Princeps
526 2857 562 2921 in
570 2875 666 2949 suam
681 2855 905 2923 amicorumve
919 2861 978 2923 aut
992 2857 1093 2923 etiam
1105 2860 1291 2939 temporum

183 2982 318 3033 suerum
332 2960 563 3027 contumeliam
577 2960 751 3045 acceperit.
788 2957 1051 3036 macenorum,
1064 2954 1176 3024 ntleri
1189 2964 1290 3043 atque

174 3061 320 3149 joculari
334 3064 514 3141 delictn‚ut
527 3063 719 3133 observavit
732 3063 810 3135 vitae
831 3060 971 3139 Auctor,
993 3080 1055 3147 par
1076 3062 1175 3127 etiam
1189 3080 1291 3146 poeua

182 3167 415 3235 decerneretur.
458 3165 621 3231 Seoreslres
641 3164 770 3231 Paridis
784 3163 926 3244 militias,
945 3161 1137 3229 Tritannum
1150 3164 1290 3246 scilicet,

186 3267 295 3337 Puera
307 3271 458 3337 venditus
472 3272 650 3355 exprobrat
664 3269 687 3335 J
689 3270 840 3339 uvenalis
850 3267 922 3337 Sat.
938 3285 1004 3335 vir.
1019 3267 1073 3334 88.
1088 3267 1142 3333 89.
1155 3267 1211 3334 92.
1236 3266 1292 3334 Ita

183 3373 350 3453 nimirum,
371 3381 407 3440 ut
424 3370 593 3460 Praefector
615 3369 764 3457 Pelopea,
790 3370 941 3437 Tribunos
965 3367 1143 3435 Philomela
1165 3367 1290 3436 fecerit.

186 3475 329 3543 Proinde
338 3477 412 3561 ipse
427 3474 559 3541 coirortir
569 3471 755 3562 profecturo
764 3477 907 3545 donabus
921 3480 984 3555 eet,
992 3473 1090 3561 quasi
1104 3471 1291 3539 Satirarum

186 3579 336 3662 praemio.
381 3579 486 3645 Plane
507 3577 572 3647 hou
592 3598 654 3663 pro
677 3575 967 3647 intercisorum
990 3577 1074 3643 satis
1088 3570 1244 3659 joculari,
1258 3578 1292 3637 et

181 3700 280 3764 paon
302 3681 392 3759 loco,
415 3686 449 3747 ct
473 3680 649 3764 inspeciem
672 3677 805 3746 terroris.
849 3677 1005 3763 objectat
1028 3676 1083 3742 ille
1097 3674 1220 3739 venolio
1233 3674 1293 3741 illa

186 3779 343 3867 minua
356 3783 657 3859 emtorumuomine
682 3782 784 3860 edita,
807 3786 1027 3867 captatorque
1051 3778 1136 3844 adeo
1158 3778 1201 3842 ab
1226 3774 1292 3842 illis

187 3883 367 3959 alienorum
389 3903 526 3968 operum
545 3883 697 3951 bonores.
742 3882 871 3951 Nescio
892 3902 936 3948 an
955 3879 1093 3966 proinde
1107 3874 1226 3964 ingenii
1236 3875 1292 3945 rui

187 3985 362 4053 ioemssrm
372 3983 551 4051 libertorum
559 3987 693 4055 nomine
702 3987 844 4057 ediderit
853 3986 1057 4065 Hennaeus,
1066 3976 1293 4070 (houeuimdo
1372 4000 1375 4003 ·

188 4107 229 4163 eo
247 4093 388 4159 testator
403 4086 631 4175 Spartianus)
648 4109 718 4177 que
741 4110 779 4159 se
796 4090 882 4157 meo
904 4090 1047 4159 alienum
1068 4084 1254 4155 ostenderet
1272 4098 1294 4148 a

189 4186 331 4275 convitio
354 4191 414 4265 illo
438 4191 599 4277 captandi.
614 4191 744 4269 debitos
760 4193 887 4269 ‘uuna
910 4191 1065 4277 operibus
1084 4188 1244 4266 bonores
1257 4190 1309 4255 ut¹
