3059 4925
270 350 337 422 affl
619 369 658 416 n.
680 366 786 416 suun
807 367 1019 417 ruvnurnrs

271 513 350 594 Quo
360 515 478 601 jubeat
489 534 621 581 manare
633 517 750 584 modo:
773 523 811 582 tu
822 516 933 582 credis
946 535 1102 595 amorem,
1309 514 1374 582 275

269 617 324 682 Tu
338 620 398 683 tibi
412 624 488 683 urnc
499 638 638 684 curruca
652 620 779 703 places,
793 619 970 704 fletumque
983 618 1115 683 labellis

270 720 462 801 Exsorbes3
486 741 561 804 quae
577 723 714 806 scripta,
730 727 763 787 et
778 728 861 804 quot
874 723 996 786 lectum
1006 721 1158 798 tabellas,

271 823 310 889 Si
324 824 386 888 tibi
399 824 560 909 zelotypae
573 828 759 907 retegantur
772 823 895 887 scrinia
913 824 1073 889 moeehae!

270 926 338 991 Sed
347 925 440 1010 jacet
452 926 487 989 in
501 926 588 990 servi
600 924 844 1009 complexibus,
861 930 920 990 aut
932 926 1065 1019 equitis.
1099 925 1179 1006 Dic,

270 1027 338 1093 Dic
354 1030 509 1113 aliquem,
525 1028 635 1106 sodes,
652 1028 707 1094 hic
722 1026 926 1105 Quintiliane
939 1029 1101 1093 colorem:
1309 1026 1376 1093 28⁰

270 1127 461 1196 Haeremus.
505 1131 571 1197 Dic
585 1132 671 1215 ipsa.
703 1129 792 1194 Olim
811 1136 1022 1208 convenerat,
1037 1129 1158 1213 inquit,

270 1230 320 1296 Ut
332 1232 460 1298 faceres
475 1241 522 1312 tu,
539 1234 630 1317 quod
644 1233 764 1314 velles;
786 1253 847 1298 nec
859 1254 925 1302 non
939 1253 1001 1316 ego
1016 1253 1151 1317 possem

268 1333 443 1418 Indulgere
457 1338 552 1401 mihi:
575 1337 699 1402 clames
713 1337 803 1414 licet,
818 1344 851 1402 et
865 1356 954 1401 mare
969 1337 1057 1401 coelo

269 1435 472 1516 confundas,
486 1439 586 1505 homo
599 1458 684 1504 sum.
728 1436 824 1504 Nihil
838 1443 891 1504 est
904 1438 1065 1504 audacius
1079 1439 1147 1503 illis

262 1587 341 1652 ‚aalma
357 1587 466 1651 imperet.
501 1588 538 1637 lis
553 1589 677 1639 metimus
694 1605 806 1641 amorem
841 1591 901 1640 Tria
919 1595 947 1639 te
966 1590 1012 1640 tr'bt
1030 1605 1128 1639 merum
1146 1589 1249 1650 mittes,
1260 1587 1376 1638 aelobrr’e

268 1652 492 1715 Memmiae-iu
506 1669 559 1717 pec
577 1660 758 1719 rerowaseta,
777 1661 876 1719 stow
893 1657 1004 1720 weles
1020 1656 1116 1716 metare,
1142 1655 1165 1705 ri
1183 1655 1231 1703 tibi
1250 1654 1377 1718 aperietur

267 1718 348 1765 arculo
367 1719 478 1781 zelotypae
497 1720 620 1769 adultere.
637 1723 672 1771 At
687 1721 756 1770 cebot
776 1721 802 1770 in
818 1720 965 1783 amplexibus
978 1719 1070 1779 famuli
1088 1721 1125 1768 ael
1141 1720 1241 1783 equilis:
1258 1721 1376 1783 eloqure,

269 1781 427 1844 Quintiliane,
444 1781 535 1845 profer,
554 1784 577 1833 si
592 1790 667 1849 potes,
683 1784 766 1849 profer
785 1786 957 1835 sementinam
974 1787 1098 1848 mandam.
1131 1784 1291 1846 Ambiga'mus.
1316 1784 1377 1844 Ipsa

267 1846 379 1910 eborae.
395 1847 499 1898 Pactum
504 1847 588 1908 senat
597 1853 724 1913 qmndoor,
734 1850 780 1911 uit,
790 1854 817 1900 ut
828 1865 910 1911 ogmar
919 1854 948 1899 tu
957 1853 1017 1914 qnod
1026 1852 1137 1914 placeret,
1148 1855 1220 1913 atque
1226 1863 1318 1913 possen
1329 1862 1375 1910 ego

267 1910 365 1977 aliquid
375 1911 436 1972 mibi
446 1915 576 1965 concedere.
602 1915 783 1972 Quantumlibet
793 1914 929 1979 obrisum,
939 1931 967 1966 ae
978 1930 1043 1966 ruere
1050 1916 1106 1966 eoele
1117 1916 1223 1979 mussas,
1233 1915 1300 1964 bomo
1309 1928 1375 1964 sum·

730 2061 818 2094 ΙΙΜ
821 2061 908 2081 ΙθΙθΙθ

266 2144 337 2253 elpes
346 2142 543 2206 exspectantibus,
553 2143 596 2193 uta
608 2144 752 2206 Quojabeot
763 2161 860 2195 manare
870 2147 954 2203 modu
975 2144 1024 2193 nisi
1038 2148 1108 2193 totns
1118 2141 1204 2206 potins
1214 2155 1315 2201 versus,
1325 2138 1374 2203 qni

266 2219 294 2253 aa
305 2220 336 2254 ro
347 2219 424 2255 sensu
435 2206 495 2270 ejici
507 2214 604 2272 potest,
621 2224 727 2259 acumen
746 2211 942 2274 interpolatoris
962 2210 1151 2258 redolet-27⁵
1168 2221 1263 2256 manere
1274 2209 1316 2255 lt.
1329 2208 1374 2253 16.

267 2273 503 2333 itanum-276
515 2273 605 2322 'llrtbbr'
613 2279 664 2323 nrm
675 2280 748 2324 222.
769 2276 805 2324 Tu
813 2275 860 2324 tibi
870 2281 898 2325 te
906 2279 948 2324 21.
963 2272 1169 2324 montesacro.
1187 2269 1373 2320 lunatibr'tub.

265 2338 321 2383 lunc
333 2334 407 2385 abest
418 2335 451 2384 ab
464 2341 555 2387 1519.
571 2338 652 2388 labem
663 2344 704 2389 26.
721 2342 765 2390 De
773 2354 904 2390 mmmm
915 2341 1026 2389 Excute.
1038 2337 1071 2387 ad
1081 2339 1106 2387 h.
1116 2339 1215 2386 l.-2tt
1226 2341 1250 2385 et
1258 2339 1374 2399 quotpro

265 2403 350 2463 aquas
359 2403 479 2450 revocavi
492 2415 526 2450 ex
537 2406 562 2450 7.
574 2407 613 2454 16.
629 2408 669 2452 ll.
683 2409 722 2454 13.
735 2410 775 2454 15.
788 2409 871 2454 17-29.
883 2409 969 2454 22-25.
980 2408 1021 2453 29.
1033 2408 1075 2453 45.
1087 2406 1169 2452 4756.
1183 2404 1268 2451 54-69.
1277 2404 1318 2449 64.
1330 2402 1373 2446 65.

264 2467 306 2512 75.
316 2468 356 2513 to.
368 2469 409 2513 85.
426 2468 486 2527 qaod
506 2472 546 2516 16.
563 2473 619 2530 quot
631 2471 717 2518 lecture
736 2470 830 2519 tabellis
839 2475 881 2520 47.
898 2474 957 2533 qual
974 2471 1051 2518 visure
1070 2469 1170 2517 tabellas
1188 2468 1376 2516 lle-mm

264 2528 343 2590 eJecti
355 2542 369 2576 e
381 2533 421 2578 13.
437 2529 507 2579 Secti
517 2546 564 2594 pro
574 2534 637 2581 seroi
646 2538 686 2583 22.
702 2539 772 2599 atque
783 2536 870 2599 equitis
884 2539 1009 2586 45.-289
1024 2533 1064 2582 dic
1074 2547 1123 2596 pro
1132 2533 1172 2581 bic
1182 2536 1222 2582 12.
1234 2535 1318 2579 tono.
1329 2533 1372 2579 at.

264 2597 350 2642 45-59.
361 2597 445 2643 auos.
456 2598 540 2646 11-74.
552 2600 593 2646 85.
626 2598 678 2647 Sed
697 2600 768 2648 idem
787 2600 893 2650 verbnm
906 2599 961 2663 jam
973 2599 1012 2648 bis
1024 2599 1139 2661 positum
1151 2603 1201 2652 est,
1212 2604 1239 2645 et
1250 2610 1311 2644 mox
1327 2594 1373 2642 de·

263 2671 314 2707 nuo
325 2658 546 2722 repetitus—ese
562 2664 623 2726 prod
639 2668 667 2712 lu
676 2666 745 2714 velles
755 2669 795 2714 16.
809 2669 850 2715 85.
863 2679 958 2729 possem
969 2667 1091 2713 85.-285
1109 2661 1317 2726 Deprebensislt.
1330 2662 1372 2709 18.

760 2796 867 2847 NOTAE

293 2889 343 2935 276
355 2888 391 2938 lle
401 2888 446 2938 tibi
454 2895 511 2940 tanc
519 2908 616 2943 curruca
623 2894 713 2959 places]
724 2895 794 2945 Gau·
868 2897 917 2944 279
926 2891 1044 2952 Sedjacet
1052 2892 1077 2940 in
1085 2891 1147 2941 aerei
1155 2885 1324 2954 complexibus]
1332 2885 1371 2937 At

262 2962 316 3023 des,
327 2973 355 3014 et
366 2966 416 3016 tibi
428 2971 565 3032 gratularis
577 2972 645 3036 qnod
656 2973 750 3023 ameris
760 2973 793 3022 ab
834 2971 855 3021 si
866 2970 934 3021 forte
947 2970 1107 3035 deprehensa
1117 2968 1197 3019 fuerit
1214 2969 1240 3017 in
1256 2967 1370 3028 delicto;

261 3054 342 3091 uxore
353 3048 398 3093 toa
409 3046 441 3094 ad
453 3047 610 3112 zelotypiam
621 3065 711 3115 usquc.
835 3062 868 3096 an
888 3062 945 3111 quae
966 3047 1066 3111 poterit
1083 3045 1217 3095 excusatio
1238 3043 1368 3108 praetendi

294 3117 411 3183 Cumaea]
427 3117 522 3171 Similis
541 3124 585 3174 isti
605 3126 723 3189 aviculae,
735 3143 794 3192 quae
834 3123 886 3173 suis
897 3124 1053 3173 sceleribus?
1070 3123 1140 3175 Quin
1149 3123 1200 3171 imo
1209 3122 1259 3171 etsi
1269 3122 1369 3170 haereat

259 3193 344 3257 pullos
356 3196 451 3246 alienos
462 3197 545 3261 fovet,
559 3202 678 3253 nimirum
697 3206 793 3267 cuculi,
833 3202 889 3265 ipse
905 3201 1079 3254 Quintilianus
1095 3200 1123 3248 in
1141 3199 1188 3248 tali
1205 3213 1293 3260 eausa,
1311 3198 1369 3262 ipsa

260 3269 343 3333 quiin
355 3286 471 3323 currucae
484 3277 545 3325 nido
566 3294 635 3343 sape
646 3295 694 3330 ova
712 3282 791 3346 parit,
832 3294 884 3327 non
894 3278 1013 3340 haerebit,
1023 3277 1069 3326 sed
1081 3283 1185 3325 strenue
1195 3290 1223 3324 se
1233 3273 1368 3324 defendet.

260 3349 329 3393 teste
348 3344 499 3414 Aristotele,
521 3354 539 3401 Ι.
561 3368 600 3404 vr.
621 3356 655 3405 de
677 3356 790 3411 Animal.
858 3351 1367 3416 280Quintiliane]Rhetordisertissime,

258 3419 302 3469 Sic
320 3422 450 3474 enimvero
471 3435 499 3477 tu
520 3429 678 3481 adulterinos
696 3434 791 3484 educas
831 3438 859 3480 et
870 3431 1076 3496 praeceptionum
1092 3430 1262 3480 oratoriarum
1274 3427 1366 3491 magis·

257 3494 363 3557 liberos,
375 3514 436 3562 quos
446 3502 496 3552 tibi
507 3507 578 3568 parit
589 3514 707 3559 uxortua
717 3511 789 3575 quasi
830 3516 881 3558 ter.

258 3576 326 3622 tuos.
337 3574 404 3624 Vide
419 3577 485 3627 Plin.
498 3593 524 3630 x.
536 3586 560 3630 9.
864 3584 930 3632 Olim
939 3580 1088 3643 eoncenerut]
1099 3581 1283 3631 Verbanxoris
1295 3580 1365 3630 adnl-

290 3648 428 3713 Fletumque
439 3653 529 3704 labellis
545 3659 663 3723 exsorbes]
682 3661 789 3712 Ploran·
829 3660 923 3708 terium
935 3659 1083 3709 excusantis
1094 3658 1163 3721 apud
1175 3659 1304 3708 maritum.

257 3731 311 3776 tem
323 3727 504 3785 deosculando.
861 3741 909 3786 288
927 3739 1055 3800 Indulgere
1069 3737 1140 3800 mibi]
1156 3738 1301 3787 Licentiam
1319 3736 1364 3786 ali·

288 3807 337 3854 att
354 3805 414 3860 Quae
429 3808 528 3872 scripta,
541 3812 593 3876 bra]
615 3813 711 3864 Verum
724 3832 788 3881 quas
829 3829 905 3878 quam
917 3815 1045 3878 arripere,
1054 3830 1102 3864 nec
1114 3815 1151 3864 ita
1162 3830 1203 3864 me
1213 3814 1265 3865 fide
1277 3814 1364 3879 conju·

254 3888 283 3931 et
294 3891 358 3946 quot
372 3885 509 3935 amatorias
520 3887 648 3940 invenires
659 3892 760 3942 litteras
773 3909 788 3942 a
829 3892 880 3954 gali
893 3893 1045 3957 astringere.

255 3957 361 4008 moechis
374 3960 493 4025 scriptas,
508 3963 530 4011 si
541 3970 592 4013 tuae
604 3967 725 4017 scrinium
740 3985 787 4018 ur·
861 3970 932 4018 More
942 3973 998 4019 coelo
1009 3970 1148 4037 confundas]
1166 3973 1221 4022 Sat.
1237 3986 1269 4022 rr.
1280 3976 1321 4021 25.

255 4033 307 4083 oris
323 4043 448 4099 scrutere,
459 4052 517 4102 quae
535 4054 562 4087 se
580 4042 722 4106 zelotypam
740 4042 787 4092 tin-
859 4049 907 4094 284
926 4048 1004 4097 Homo
1014 4049 1077 4112 sam]
1096 4051 1177 4099 Sexus
1189 4066 1230 4099 me
1241 4049 1360 4113 fragilem

256 4109 295 4171 git
315 4118 346 4160 nt
367 4114 538 4177 suspicionem
561 4131 662 4169 omnem
683 4134 787 4170 snorum
827 4126 856 4169 et
867 4124 948 4171 errori
957 4124 1099 4187 proximam
1108 4124 1187 4178 facit:
1203 4124 1360 4177 numanam·

255 4180 411 4249 flagitiorum
423 4197 551 4243 amarent.
828 4199 951 4253 firmitate
963 4204 1110 4269 lapsarum.
