3059 4925
429 1085 1039 1207 PRAEFATIO.

185 1648 287 1741 Curi
302 1669 336 1732 in
350 1667 476 1735 Siliano
490 1671 633 1736 carmine
656 1690 734 1737 cura
750 1689 826 1736 mea
839 1668 1073 1766 qualicumque
1087 1667 1288 1733 emendando

183 1768 444 1856 illustrandoque
464 1793 621 1851 versarer,
641 1773 716 1858 jam
745 1780 818 1839 tum
841 1771 933 1858 apud
959 1773 1107 1836 animum
1128 1770 1290 1836 constitu·

185 1892 285 1951 eram,
308 1874 337 1938 si
361 1876 559 1941 necessariis
588 1895 724 1958 augerer
747 1876 871 1960 opibus
893 1880 927 1939 ct
948 1874 1128 1959 praesidiis,
1150 1872 1289 1937 eandem

184 1975 361 2058 aliquando
376 1997 511 2061 operam
525 1978 548 2043 J
550 1979 683 2043 uvenali
697 1978 901 2062 impendere3
931 1998 1037 2062 neque
1064 1976 1209 2052 deerant,
1233 1971 1291 2057 qui

183 2082 286 2141 meet
307 2081 482 2162 promissis
504 2088 538 2146 et
563 2082 789 2147 cohortatione
814 2080 858 2145 ad
883 2080 929 2158 id,
953 2079 1044 2164 quod
1066 2075 1290 2152 intendissem,

183 2179 419 2261 perficiendum
433 2182 627 2248 incitarent:
651 2184 710 2251 sed
733 2204 793 2268 per
815 2187 923 2248 totum
940 2182 1021 2247 illud
1036 2187 1167 2265 tempus
1181 2180 1290 2262 magis

184 2280 226 2345 de
249 2283 346 2366 sylva
367 2304 476 2349 rerum
498 2286 832 2370 observationumque
847 2284 1064 2368 congerenda,
1087 2302 1187 2367 quam
1203 2282 1292 2365 dige-

182 2384 285 2448 renda
312 2387 474 2452 sollicitus
497 2408 596 2454 eram.
650 2388 716 2454 Illo
740 2388 857 2452 deinde
879 2389 1005 2465 labore,
1039 2391 1115 2451 ante
1142 2385 1204 2450 hos
1226 2390 1293 2450 tres

184 2506 302 2566 annoS,
334 2490 517 2570 exantlato,
549 2492 593 2555 ad
621 2511 743 2558 novam
767 2491 852 2555 hanc
881 2490 1090 2574 provinciam
1112 2509 1174 2573 pro
1203 2487 1293 2552 virili

183 2594 278 2676 parte
292 2591 586 2658 administrandam
601 2614 654 2657 me
669 2593 814 2659 accinxi.
861 2592 971 2670 Quam
986 2592 1048 2657 etsi
1071 2610 1137 2655 non
1163 2592 1293 2673 ignora·

182 2690 263 2753 bam
278 2693 381 2757 multo
395 2695 533 2779 majoris
547 2714 657 2779 operae
673 2715 767 2778 esse3
789 2697 980 2780 neutiquam
999 2699 1108 2759 tamen
1130 2698 1237 2758 mente
1260 2697 1294 2756 et

182 2795 383 2874 cogitatione
407 2816 648 2882 prospexeram
671 2803 795 2862 tantam
817 2797 1059 2875 difficultatum,
1085 2802 1154 2861 tam
1183 2800 1293 2860 exter·

182 2911 302 2957 narum
328 2916 430 2979 quam
450 2900 664 2977 internarum,
696 2897 940 2963 multitudinem
966 2905 1065 2983 atque
1088 2899 1293 2975 varietatem,

182 3002 342 3080 quantam
354 3019 476 3065 revera
489 3008 648 3086 expertus
665 3022 750 3066 sum.
783 3000 839 3066 Ad
854 3002 927 3065 illes
939 3000 1076 3065 feliciter
1088 2997 1294 3082 superandas

183 3117 274 3182 opus
289 3106 341 3164 est
355 3103 436 3180 rita,
458 3107 527 3166 tum
542 3096 634 3169 dulci
649 3105 730 3183 otio,
752 3111 822 3169 tum
837 3103 950 3168 multis
973 3101 1219 3166 circumfluente
1233 3119 1294 3185 op·

182 3205 455 3284 portunitatibus,
490 3208 608 3289 quibus
632 3228 693 3290 ego
718 3227 817 3291 quam
844 3207 990 3271 maxime
1016 3224 1124 3269 careo.
1169 3190 1294 3268 Gravis

184 3305 273 3367 enim
298 3305 370 3371 haec
398 3307 483 3372 solet
503 3329 578 3373 esse
614 3312 759 3375 muneris
778 3309 969 3375 scholastici
985 3306 1141 3385 conditio,
1164 3311 1212 3383 ut,
1237 3305 1295 3388 qui

183 3423 225 3469 eo
249 3404 311 3471 rite
336 3408 497 3492 perfungi,
535 3416 568 3475 et
593 3412 692 3476 simul
720 3412 881 3476 familiam
906 3411 993 3474 alere
1020 3411 1146 3493 cupiat,
1182 3407 1295 3471 multis

183 3510 354 3594 variisque
380 3513 656 3596 occupationibus
683 3514 893 3591 distineatur,
932 3518 964 3576 et
993 3512 1088 3594 longe
1113 3510 1294 3575 maximam

184 3609 252 3674 dici
275 3618 400 3695 partem
424 3614 603 3698 juventuti,
626 3617 758 3700 publice
781 3615 1002 3700 privatimque
1028 3614 1062 3675 in
1091 3611 1210 3676 studiis
1236 3612 1295 3676 hu·

184 3714 354 3777 munitatis
369 3733 410 3778 ac
424 3715 593 3780 literarum
607 3716 808 3794 erudiendae,
832 3715 983 3780 addicere
1006 3715 1083 3798 ipsa
1097 3714 1293 3778 necessitate

186 3822 337 3896 cogatur.
382 3813 494 3891 Quam
515 3817 559 3880 ob
575 3837 712 3882 causam
726 3836 795 3881 non
808 3819 872 3882 nisi
888 3816 1014 3899 aliquid
1029 3815 1198 3880 subsecivi
1212 3819 1295 3878 tem-

184 3917 288 4001 poris,
312 3917 518 3998 gravioribus
533 3920 673 4002 negotiis
687 3919 900 3996 subtractum,
924 3917 945 3982 J
951 3917 1081 3981 urenuli
1093 3937 1165 3980 meo
1181 3915 1295 3978 dicare
1394 3944 1398 3953 ·

184 4017 268 4081 mihi
280 4017 389 4081 licuit:
414 4018 502 4101 quod
517 4020 628 4103 ipsum
644 4038 779 4103 quoque
794 4021 920 4104 saepius
936 4018 1101 4103 pluribus,
1124 4036 1209 4101 quos
1224 4034 1295 4079 sus-

184 4137 351 4201 ceperam,⁴
374 4119 553 4185 laboribus·
565 4128 599 4186 et
613 4123 713 4198 curis,
735 4122 789 4185 vel
805 4121 998 4187 domesticis
1012 4121 1169 4205 ucluliis,
1199 4120 1296 4182 inter·

185 4221 383 4305 pellabatur.
427 4223 508 4288 Huc
524 4223 666 4303 accedit,
682 4224 774 4308 quod
788 4224 886 4309 hujus
902 4223 1013 4308 po‘etae
1029 4222 1144 4287 editori
1158 4239 1296 4286 necesse
