3059 4925
260 382 327 450 284
611 403 646 450 n.
668 402 773 451 rursu
796 403 1010 453 ruvuusnrs

260 536 315 621 Et,
331 542 389 627 qui
404 542 588 609 vulturibus
601 545 756 609 servabat
770 544 900 610 viscera
913 545 1030 625 Dacis,

260 643 402 723 FuscuS,
417 664 600 709 marmorea
611 647 790 710 meditatus
801 647 919 730 praelia
930 649 1032 727 villa3

259 747 393 814 Etcum
405 746 573 812 mortifero
585 747 730 832 prudens
744 749 887 815 Veiento
903 750 1049 830 Camlln,

259 847 328 929 Qui
341 869 508 933 nunquam
521 851 606 919 visse
619 853 783 935 flagrabat
797 873 908 919 amore
922 854 1043 939 puellae
1056 876 1064 921 :

259 951 403 1032 Grande,
408 958 441 1017 et
449 955 664 1037 conspicuum
672 959 927 1040 nostroquoque
936 961 1287 1041 temporemonstrum!
1300 960 1365 1025 115

258 1052 380 1120 Coenus
395 1055 561 1135 adulator,
575 1056 730 1142 dirusque
745 1078 766 1122 n
779 1065 879 1143 ponte
894 1060 1041 1140 satelles,

256 1204 367 1255 sulione:
393 1210 417 1256 et
428 1205 527 1268 mum,
539 1207 581 1270 qui
591 1206 652 1257 bello
662 1208 747 1258 auimo
758 1211 865 1259 uolutans
876 1208 991 1261 lucillae
1002 1227 1127 1275 memore,
1138 1212 1222 1263 Docioe
1232 1212 1367 1262 vulturibus

256 1270 370 1320 Matisa
378 1284 423 1321 sua
432 1272 584 1322 reservaou:
599 1279 623 1322 et
633 1274 731 1323 mussa
745 1274 842 1324 Veiento
853 1290 906 1325 cam
916 1277 997 1326 mooli
1009 1279 1113 1337 Catullo,
1129 1278 1170 1341 qai
1185 1277 1285 1329 ardebat
1300 1280 1367 1341 eupi-

255 1336 312 1384 diae
321 1335 426 1398 uirginis
434 1352 552 1400 nospsos
562 1343 679 1401 περινοίας
695 1354 806 1401 congruns
821 1345 892 1403 alque
906 1342 1033 1406 spectabile
1048 1343 1185 1407 prodigium
1201 1348 1283 1391 nostro
1292 1344 1366 1391 etium

256 1405 457 1465 commentator
466 1402 538 1451 oculis
548 1403 653 1467 moetus,
662 1419 690 1452 oe
700 1419 775 1454 scmus
790 1406 900 1457 minister
914 1421 930 1455 u
944 1412 1025 1471 poste,
1035 1408 1135 1458 neritum
1143 1422 1269 1471 corrogare
1278 1408 1365 1472 stipem

722 1533 901 1554 NWOO

258 1629 380 1678 tuf-llo
400 1629 518 1693 Venerato
530 1635 571 1682 82.
599 1632 705 1696 ngeato
715 1638 756 1684 26.
774 1634 815 1686 Cf.
831 1635 865 1686 ad
881 1650 919 1687 vs.
931 1640 1072 1687 rra-116
1086 1652 1100 1687 ι
1114 1642 1195 1701 poste,
1206 1643 1235 1686 ut
1246 1633 1298 1686 inf.
1307 1648 1366 1685 xm.

256 1861 324 1912 mus,
335 1849 362 1899 id
374 1853 526 1915 cataassim
540 1854 567 1903 iu
584 1852 715 1905 offerenda
726 1857 791 1904 mul·
830 1858 896 1907 Erat
912 1856 979 1907 enim
996 1856 1065 1906 domi
1081 1855 1185 1919 nobilis,
1196 1855 1243 1904 sed
1261 1854 1314 1904 otio
1333 1869 1365 1903 ac

256 1926 290 1976 tis
302 1928 416 1991 pernicie
427 1945 458 1981 ac
469 1939 553 1982 morte
569 1948 618 1997 per
634 1948 693 1982 suas
706 1940 791 1983 tectas
830 1936 931 1986 deliciis
952 1936 1094 1986 innutritus
1116 1951 1208 2000 pamm
1229 1942 1288 1984 erat
1309 1934 1366 1983 ido·

256 2002 400 2056 delationes
417 2013 496 2074 atque
515 2009 704 2060 susurrationes
721 2010 791 2075 apud
830 2027 903 2076 usus,
923 2013 966 2063 cui
989 2028 1087 2063 summo
1114 2012 1177 2062 belli
1201 2010 1364 2072 crederetur,

257 2078 444 2135 Domitianum.
830 2089 979 2139 marmoreis
1013 2088 1113 2138 edibus
1142 2088 1224 2152 magis
1261 2091 1365 2136 assueto

288 2161 334 2207 111
356 2159 506 2224 Velleribus]
527 2161 564 2212 Hi
575 2161 662 2212 triduo
672 2170 734 2213 aute
745 2164 789 2213 vel
829 2182 905 2233 quam
917 2165 1019 2217 cestris.

257 2232 335 2283 biduo
346 2237 431 2287 solent
441 2237 560 2300 volitare,
572 2238 616 2287 ubi
626 2237 716 2288 sutura
724 2255 790 2305 pras·
862 2248 909 2294 11³
923 2241 1061 2306 monuero]
1072 2241 1201 2291 Delatore
1208 2238 1362 2303 pernicioso.

255 2309 371 2359 sentiunt
387 2311 523 2362 cadavera.
551 2314 620 2364 Plio.
636 2328 664 2364 x.
677 2320 702 2364 o.
720 2315 789 2365 Vide
862 2317 981 2383 Prudens]
996 2318 1057 2381 Vel,
1074 2323 1158 2367 astute
1174 2316 1288 2366 serviem
1299 2322 1362 2366 tem·

255 2384 391 2437 Plutarch·
407 2387 508 2440 Quaest·
526 2395 596 2439 cent·
614 2389 689 2440 R0m·
703 2394 743 2440 93.
761 2400 790 2440 et
828 2397 895 2463 pori,
908 2398 950 2447 vel
967 2395 1072 2460 doctus,
1089 2400 1166 2445 teste·
1177 2391 1297 2444 Cornelio
1313 2393 1363 2442 Te·

257 2460 321 2511 Coel.
334 2463 443 2528 Rhodig.
454 2479 514 2516 rur.
528 2470 567 2516 18.
580 2473 608 2517 et
619 2480 709 2516 xxvn.
721 2473 746 2518 8.
828 2477 882 2525 cito
894 2474 988 2525 Annal,
997 2478 1038 2524 14.

286 2539 375 2606 Ducis]
399 2542 482 2593 Ducis
503 2544 614 2614 Europae
634 2545 704 2609 regio
726 2544 790 2595 satis
864 2550 971 2616 Veiento]
993 2548 1128 2599 Fabricius
1145 2547 1250 2609 Veiento,
1261 2544 1294 2594 de
1310 2557 1361 2610 qua

255 2615 349 2681 ampla,
376 2619 598 2684 Trsnsylrauiam‚
620 2621 789 2688 Moldoriam,
823 2628 1053 2693 jamsnteSatct.
1068 2629 1175 2678 rsbsso.
1193 2629 1296 2688 etpost
1311 2637 1363 2673 am·

254 2695 684 2764 ctValachismcomprelsendens.
828 2704 897 2769 plius
908 2706 964 2755 Sat.
973 2709 998 2756 6.

288 2771 691 2828 Qdmuumlomobuetcera
699 2778 787 2843 Doris]
861 2780 966 2846 curuo]
988 2781 1059 2831 Plin.
1080 2780 1137 2830 Lib.
1158 2793 1197 2830 Ιν.
1216 2778 1301 2844 Epist.
1319 2782 1361 2827 22.

254 2847 332 2898 Fusci
352 2851 421 2902 enim
440 2851 553 2903 cadaver
571 2856 717 2918 expositum
736 2857 788 2908 fuit
826 2858 836 2886 ‘
848 2856 991 2920 Canabat’
1003 2857 1117 2921 iuquit,‘
1130 2856 1219 2906 Nerva
1230 2869 1291 2904 cum
1302 2867 1363 2918 pou·

254 2930 391 2980 voracitati
409 2932 495 2982 avium
513 2934 650 2999 ejusmodi,
666 2951 725 2985 cum
738 2951 789 2987 cae·
827 2935 876 2997 cis,
884 2934 996 2983 Veiento
1005 2933 1145 2997 proximus,
1154 2940 1234 2998 atque
1244 2933 1326 2982 etism
1334 2931 1362 2979 in

253 3018 297 3053 sus
307 3012 377 3056 esset
387 3008 414 3058 in
430 3011 526 3072 Dacia,
541 3026 592 3076 quo
609 3011 705 3062 bellum
719 3013 787 3063 intu—
827 3010 885 3060 sinu
903 3009 1082 3060 recumbebat.
1114 3008 1184 3059 Dixi·
1198 3009 1285 3058 omnia
1302 3021 1361 3057 cum

253 3078 330 3130 ierat·
368 3084 497 3134 Martialis
525 3087 656 3151 Epigram.
679 3103 718 3141 vr.
743 3095 787 3141 76.
826 3087 956 3136 hominem
967 3086 1105 3137 nominavi.
1122 3085 1222 3135 Incidit
1231 3085 1364 3134 sermode

252 3155 324 3205 ‘llle
343 3159 410 3208 sacri
426 3160 515 3210 luteris
531 3169 619 3212 custos
639 3165 786 3230 Martisque
827 3163 931 3214 Catullo
942 3163 1094 3226 Messalino,
1103 3163 1148 3228 qni
1164 3162 1305 3211 luminibus
1321 3176 1362 3211 or·

254 3232 346 3296 togati,
354 3234 461 3285 Credita
469 3236 611 3287 cuisummi
619 3240 787 3291 castrafuera
826 3241 903 3290 batus
925 3239 1030 3304 iugenio
1052 3253 1123 3289 saevo
1144 3239 1213 3289 mals
1234 3238 1360 3289 cecitatis

254 3308 348 3372 Ducis,
375 3312 428 3362 Hic
450 3314 515 3364 situs
536 3321 577 3365 est
598 3317 704 3381 Fuscus,
722 3320 787 3369 licet
827 3313 981 3364 addiderat:
999 3328 1050 3364 nou
1070 3313 1220 3373 verebatur,
1232 3328 1285 3363 non
1303 3327 1361 3362 erra·

254 3385 313 3450 hoc,
324 3386 437 3449 semona,
452 3387 548 3452 satem
565 3393 627 3442 Non
644 3393 719 3444 timet
729 3395 786 3445 hog.
826 3391 960 3453 bescebm,
972 3404 1023 3440 uon
1031 3390 1221 3451 miserebatur;
1238 3392 1361 3454 saepiusa

254 3462 314 3513 tiles
327 3465 384 3529 jsm
400 3467 465 3530 lapis
485 3469 535 3518 ista
553 3470 645 3520 miuus.
678 3471 785 3522 Grande
828 3469 979 3519 Domitiano
988 3482 1039 3518 non
1051 3483 1126 3518 secus
1143 3483 1174 3517 uc
1191 3468 1253 3532 tela,
1264 3484 1322 3534 quos
1333 3475 1360 3517 et

249 3541 340 3605 jugum
352 3541 449 3594 domita
461 3546 549 3595 Dacus
561 3547 664 3598 cervice
674 3550 786 3615 recepit,
825 3545 882 3610 ipss
898 3559 970 3595 caeca
986 3552 1013 3595 et
1032 3544 1177 3609 improvida
1191 3542 1321 3607 feruntur,
1333 3545 1359 3593 in

253 3618 289 3668 Et
310 3615 433 3670 mmulum
449 3621 542 3672 victrix
558 3624 677 3688 possidet
695 3627 786 3677 umbra
825 3622 952 3687 optimum
973 3636 1102 3688 quemque
1124 3622 1360 3689 contorquebatur‚’

253 3695 362 3745 nemus?
825 3704 875 3750 &c

285 3775 334 3823 112
351 3773 452 3837 Fusco]
469 3775 704 3828 CorneliusFuscus
713 3780 786 3829 Prae·
858 3779 906 3824 114
917 3773 1358 3839 Quintoqwmvt'toeflombotwt

252 3849 321 3899 torio
341 3849 492 3915 prefectus,
510 3852 553 3902 cui
574 3852 638 3902 licet
658 3855 785 3905 inexerci-
821 3853 917 3917 psello]
935 3854 1020 3903 Senex
1036 3860 1160 3903 etcaecus
1171 3854 1271 3916 puellas
1282 3853 1358 3918 depe-

252 3932 308 3977 tato
327 3927 466 3977 secundam
487 3927 514 3977 iu
533 3930 621 3979 Dacos
642 3930 786 3994 expeditio-
818 3930 895 3980 ribot
905 3945 1034 3995 nunquam
1046 3931 1122 3993 usas,
1131 3931 1281 3981 reluctante
1298 3930 1358 3980 sda-

252 4017 311 4053 uem
322 4005 450 4054 commisit
465 4003 629 4055 Domitianus
640 4005 785 4059 infelicibus
824 4007 878 4070 gio,
890 4007 917 4055 ἐκ
924 4008 967 4055 τοῦ
977 4008 1034 4071 oppio
1041 4006 1150 4069 γίγνεται
1161 4006 1190 4055 rb
1199 4008 1260 4072 ἐρᾷν.

253 4080 373 4144 auspiciis
388 4087 417 4130 et
431 4081 500 4131 mulo
516 4094 572 4130 suo.
599 4081 665 4131 Vide
676 4083 784 4137 Sueton.
858 4091 906 4135 llo
920 4087 1025 4150 Aperte
1034 4088 1138 4151 scelus]
1159 4086 1212 4139 Qui
1225 4086 1304 4151 magis
1314 4084 1356 4133 de-

253 4155 355 4206 Domit
365 4171 389 4209 c.
399 4161 425 4206 6.
450 4158 528 4208 Corn.
545 4156 783 4211 Teutonicum.
823 4163 917 4227 buerat
928 4177 984 4213 esse
995 4164 1074 4213 miser
1090 4170 1118 4213 et
1134 4162 1268 4215 mendicus
1283 4161 1355 4227 ponti

254 4238 282 4281 et
292 4236 317 4281 8.
333 4234 442 4298 Eutrop.
454 4236 472 4284 l.
484 4247 536 4284 var,
547 4234 574 4284 iu
585 4234 646 4285 fine.
823 4241 895 4289 velut
907 4241 1011 4290 satelles
1022 4239 1147 4306 assiduus,
1154 4255 1231 4307 quam
1243 4240 1318 4292 Aulae
1329 4247 1355 4289 et

284 4309 421 4362 Marmorea
448 4311 576 4363 molitum
604 4313 688 4379 prelio
716 4312 785 4377 cilo]
822 4311 993 4380 Imperatoris
1005 4317 1111 4370 assecla.
