3059 4925
222 368 289 438 196
577 388 614 435 u.
636 385 742 435 ιυιιιι
764 380 978 437 ruvuusurs

223 529 417 595 Hiouullus
428 529 541 595 verbis
553 528 944 613 pudor,'autrcrereutia
955 542 1090 596 memae.
1259 530 1326 596 ltu

224 631 295 698 Hic
307 633 411 715 turpis
424 629 579 715 Cybeles,
591 638 624 697 ct
636 632 745 696 fracta
759 651 845 697 voce
857 633 1016 717 loquendi

223 731 388 811 Libertas,
401 740 437 798 et
448 734 537 797 crine
550 752 655 798 senex
667 733 834 799 fanaticus
849 735 926 799 albo

222 927 252 978 iu
264 930 362 979 seram
372 929 428 979 seui
437 929 525 979 tristis
551 930 606 979 lta
615 931 753 980 cauendis
762 932 828 980 uuila
838 930 866 980 iu
875 930 1027 995 umoribus,
1032 886 1070 982 cel
1079 945 1165 980 msc
1173 930 1330 981 obsmmttid.

224 994 283 1044 Illic
301 995 394 1060 Cybele
403 994 482 1058 soedo,
497 1000 567 1059 atque
582 1001 694 1045 amoto
708 1011 763 1045 core
780 997 874 1045 dicendi
890 998 1001 1046 Ιίὐιήιιεε
1017 1013 1046 1047 or
1061 996 1154 1046 caulas
1165 995 1253 1057 sursus
1268 1010 1329 1044 ceso

687 1140 864 1162 Memnone

225 1253 405 1325 compendium
413 1257 641 1321 scriptum-108
651 1257 759 1318 falcato
769 1262 810 1309 ld.
832 1257 889 1306 rode
897 1257 1019 1306 22-111
1037 1255 1087 1305 Hic
1097 1253 1175 1316 turpis
1186 1252 1272 1317 Cybele
1282 1254 1330 1315 ert,

224 1319 399 1380 dfrmocet.
408 1325 448 1371 11.
459 1321 552 1384 probb.
564 1323 680 1373 Heuniu.
693 1330 721 1373 et
736 1323 836 1373 Beckio
848 1322 925 1372 Obss.
944 1320 1068 1384 philolog.
1085 1319 1112 1367 iu
1129 1318 1250 1369 Juvenal.
1259 1319 1329 1367 Satt.

225 1383 289 1433 duas
307 1385 405 1448 priores
417 1401 442 1449 p.
453 1391 494 1435 33.
526 1387 603 1445 Illius,
614 1394 675 1436 uota
690 1394 747 1437 est:
766 1389 811 1437 ‘si
827 1387 888 1451 quid
905 1385 992 1446 video,
1006 1385 1108 1433 omuino
1124 1383 1163 1431 ita
1179 1381 1328 1444 legendum,

226 1449 304 1512 plano
312 1464 407 1499 semu:
424 1451 546 1501 nimirum
557 1451 639 1512 dolet,
651 1453 740 1501 Roma
751 1457 837 1501 tautae
846 1451 983 1511 invaluisse
994 1449 1022 1497 iu
1032 1447 1146 1497 moribus
1158 1446 1331 1509 corruptelas,

224 1519 256 1563 ut
266 1513 344 1563 etiam
356 1514 431 1563 aride
442 1516 589 1580 receperint
659 1519 665 1527 '
777 1516 894 1566 Deorum
905 1516 1017 1563 Matrem
1035 1513 1142 1577 ejusque
1159 1511 1330 1574 ceremonias,

225 1593 285 1642 qua
296 1593 378 1642 usque
390 1578 456 1628 adeo
466 1595 567 1643 omnem
579 1596 628 1644 pro
648 1582 781 1644 'gaserant
789 1579 983 1640 uerecundiam,
995 1583 1026 1627 ut
1039 1578 1080 1627 vel
1091 1577 1117 1625 iu
1128 1576 1160 1624 iis
1171 1590 1187 1624 c
1201 1575 1331 1625 Veterum

225 1644 351 1692 memoria
371 1645 527 1708 repetendis,
548 1645 631 1708 ipsum
654 1645 843 1710 quodammodo
861 1645 1036 1708 prostituatur
1055 1639 1205 1705 ingenium!
1244 1639 1331 1703 Hujus

223 1721 288 1756 uero
301 1723 309 1756 r
325 1708 406 1771 ‘ipsa
416 1710 538 1759 orationis
548 1710 630 1760 series
641 1710 745 1759 ridetur
756 1710 823 1760 lianc
839 1710 978 1758 lectionem
989 1708 1132 1771 postulare,
1142 1705 1204 1769 quia
1218 1702 1331 1767 plurima

225 1772 328 1821 uomina
344 1773 372 1820 iu
388 1788 448 1824 casu
463 1780 537 1824 recto
554 1789 611 1825 sese
626 1775 772 1839 excipiunt,
787 1775 894 1834 libemus,
910 1786 993 1833 senec,
1009 1771 1111 1822 ostiam
1127 1784 1256 1826 moronus,
1275 1774 1331 1820 cet.

226 1836 270 1885 Sic
277 1843 309 1893 ⁴ct
322 1837 416 1901 Cybele,
426 1839 589 1902 potissimum
600 1855 658 1888 cum
670 1847 698 1888 et
714 1840 773 1902 ipsa
784 1839 862 1903 turpis
872 1845 950 1899 esset,
960 1844 987 1886 et
999 1850 1072 1887 sacra
1082 1836 1150 1884 illius
1165 1833 1330 1884 detestanda.

228 1901 310 1964 Origo
329 1910 416 1951 autem
431 1902 623 1966 depraradoots
643 1905 741 1966 duplex
760 1919 818 1953 esse
856 1903 932 1953 otuit.
965 1903 1025 1951 Una
1040 1901 1150 1951 debetur
1166 1899 1268 1958 lectori,
1287 1895 1331 1949 rel

226 1964 347 2028 dimoti,
364 1981 413 2030 pro
428 1969 529 2017 ratioue
545 1968 632 2032 metri,
646 1968 688 2017 iric
702 1969 781 2032 turpis
800 1919 918 2033 epictec,
934 1965 1003 2031 quod
1020 1966 1080 2014 dum
1097 1964 1221 2036 librarius
1238 1963 1331 2026 idiota,

224 2032 268 2080 ‘vel
279 2031 402 2094 oscitans,
413 2038 444 2081 ut
460 2034 568 2093 audivit,
583 2032 609 2082 ili
626 2033 714 2082 album
732 2034 854 2094 cou'scit,
870 2033 897 2081 iu
915 2047 994 2080 causa
1011 2024 1072 2092 fuit,
1086 2037 1117 2079 ut
1132 2027 1162 2076 rb
1177 2033 1222 2090 ert,
1236 2027 1330 2092 loquor

227 2108 286 2145 cum
298 2096 439 2160 Heuultrio,
453 2099 663 2147 resolvereturi'u
673 2113 695 2159 s,
714 2104 742 2146 et
783 2098 911 2163 jiceretur
926 2098 961 2157 τῷ
978 2094 1072 2159 Cybele.
1107 2095 1198 2143 Altera
1214 2108 1248 2142 ex
1263 2093 1332 2142 auti·

223 2159 327 2224 quitate
343 2161 436 2210 critica
452 2163 605 2224 desumitur,
625 2170 654 2213 et
671 2164 778 2227 antiquo
797 2162 841 2211 illo
857 2176 906 2225 per
924 2159 1079 2225 compendia
1098 2157 1230 2207 scribendi
1247 2172 1330 2219 more,

227 2226 339 2289 quaudo,
356 2228 455 2289 quoties
472 2227 563 2276 ultima
578 2227 657 2276 litera
671 2227 743 2277 vocis
758 2227 893 2290 cujusdam
910 2238 968 2275 cum
988 2225 1071 2288 prima
1088 2223 1220 2288 sequentis
1237 2222 1331 2272 eadem

226 2295 294 2350 erat,
305 2289 387 2351 ambae
403 2290 430 2338 iu
447 2306 523 2340 uuam
539 2293 635 2341 ceteris
652 2292 838 2357 aliquantulum
855 2291 977 2354 majorem
994 2287 1113 2339 conflata
1131 2294 1207 2346 suut;
1227 2286 1261 2335 de
1279 2302 1331 2352 quo

226 2368 252 2401 v.
265 2350 346 2418 ilasp.
360 2354 477 2418 Scioppii
493 2363 542 2405 art.
559 2357 617 2405 crit.
634 2371 693 2420 pag.
710 2361 752 2405 61.
772 2356 836 2405 edit.
855 2354 940 2406 Amst.
960 2353 1042 2405 1662!
1074 2354 1137 2402 Meo
1149 2352 1331 2416 qualicumque

223 2417 325 2482 judicio
337 2419 380 2468 illa
391 2421 471 2469 lectio
482 2416 579 2472 ablui.
591 2428 693 2484 prorsus
704 2419 788 2471 alicua
799 2427 857 2472 est}
875 2436 934 2470 uam
946 2435 996 2469 vox
1014 2419 1065 2469 Hic
1075 2432 1127 2467 uou
1144 2415 1281 2468 reserenda
1296 2410 1331 2465 ad

226 2484 345 2545 Romam,
356 2484 412 2544 sed,
423 2492 453 2535 ut
464 2502 488 2535 v.
499 2487 555 2536 ltu.
566 2486 600 2535 ad
612 2486 769 2536 consortium
781 2492 809 2535 et
819 2492 963 2536 contentus
974 2484 1182 2548 turpissimorum
1191 2482 1333 2548 hominum,

227 2547 625 2615 quidescribuuturv.84.rqi1.
659 2552 774 2615 Vulgata
783 2558 868 2600 auteur
886 2550 965 2600 lectio
981 2564 1033 2598 nou
1050 2557 1091 2597 est
1106 2547 1174 2610 quod
1186 2547 1334 2610 displiceat,

227 2612 306 2663 modo
316 2614 399 2677 cpitlt.
413 2615 492 2681 turpis
507 2630 566 2665 cum
581 2617 687 2681 malus,
702 2621 762 2680 uon,
779 2622 809 2666 ut
824 2616 902 2679 uulgo
917 2616 958 2678 lit,
976 2630 1033 2664 cum
1053 2611 1151 2676 Cybeles
1162 2610 1334 2676 jungatur.-

725 2779 832 2832 NOTAE

226 2889 262 2976 ,ab
279 2897 399 2973 Augusto
414 2909 484 2960 ricta
501 2925 559 2959 cum
577 2909 699 2974 Antonio,
715 2927 759 2961 ua·
832 2916 878 2961 111
897 2910 949 2963 Hic
964 2909 1043 2973 turpis
1060 2906 1171 2973 Cybeles]
1192 2904 1288 2969 Turpis
1304 2918 1332 2955 e·

226 2982 280 3032 vali
293 2984 384 3048 praelio
394 2984 495 3049 fuisset,
513 2988 545 3035 ad
563 2985 669 3038 Actium
685 2989 760 3053 Epiri
799 2989 860 3038 tiam
871 2988 996 3037 sermonis
1013 2985 1121 3035 libertas
1134 2983 1203 3033 iuter
1218 2981 1277 3031 illor
1293 2980 1332 3030 vi-

227 3060 319 3129 urbem
334 3068 363 3136 et
378 3064 592 3126 promontorium,
615 3071 692 3129 atque
710 3065 759 3114 sibi
799 3069 861 3127 get:
876 3063 996 3113 obscoeua
1005 3061 1102 3127 qumvis
1113 3062 1334 3125 loquuntur,qua·
1428 3061 1435 3068 '

227 3142 338 3201 mortem
349 3136 458 3186 admotis
468 3139 602 3201 aspidibus
614 3154 714 3203 paraus,
725 3156 758 3189 ue
799 3141 833 3190 lia
851 3147 977 3205 usurpant
992 3147 1020 3188 et
1036 3143 1145 3187 cautant
1163 3134 1270 3200 Cybelae
1286 3136 1334 3186 Sa·

227 3209 368 3260 duceretur
388 3212 414 3260 in
437 3213 576 3277 triumpho.
614 3214 690 3264 Hauc
707 3215 758 3263 cle·
800 3218 918 3267 cerdotes
935 3217 962 3265 iu
981 3216 1036 3280 ejus
1052 3214 1137 3265 Sacris
1156 3219 1236 3277 atque
1254 3211 1333 3262 ludis.

227 3287 299 3350 gauti
311 3288 448 3337 admodum
462 3288 545 3338 forma
558 3289 641 3354 primo
658 3290 759 3340 adama-
801 3293 932 3344 Diodorus
947 3292 1049 3343 Siculus
1065 3305 1105 3340 tv.
1121 3296 1145 3340 6.
1165 3287 1244 3340 Ouid.
1260 3289 1334 3339 Fut

228 3364 267 3413 rit
282 3365 367 3416 Julius
385 3365 480 3429 Caesar,
500 3373 562 3430 post
577 3368 615 3416 M.
629 3366 758 3432 Antonios
799 3384 837 3420 ru.

229 3454 286 3489 eam
297 3442 416 3505 deperiit,
431 3457 461 3492 ac
471 3441 615 3508 fugientem
628 3445 654 3492 in
666 3444 760 3508 AEgyp·
833 3443 942 3508 Cybeles]
953 3444 1020 3493 Haec
1032 3441 1090 3492 aliis
1099 3439 1244 3491 nominibus
1254 3451 1334 3488 roca·

228 3522 283 3565 tum
306 3529 460 3568 consecutus
481 3519 518 3569 ibi
542 3534 598 3569 sese
617 3519 758 3571 interemit.
799 3524 842 3571 tur
861 3522 918 3584 Ops,
937 3520 1015 3579 libem
1036 3519 1115 3579 Vesta,
1130 3515 1334 3579 Mugaodutcr,

228 3592 380 3654 Plutarchus.
504 3601 506 3604 ’
799 3592 1333 3661 Berecyntbiu,Dirsdymcrts:Cybelerero‚

233 3721 238 3730 ,
262 3675 310 3733 llt)
327 3670 378 3718 Hic
387 3667 464 3719 nullm
476 3670 554 3719 cobis
568 3669 656 3734 pudor]
679 3669 758 3733 Apud
798 3673 922 3731 aCybelo
935 3677 1023 3721 moute
1032 3668 1166 3733 Pbrygiae,
1176 3666 1220 3716 ubi
1230 3665 1334 3717 institu-

228 3743 344 3814 rilbauos
368 3746 425 3814 illos
447 3747 600 3797 Sacerdotes
620 3746 758 3810 Flaviales,
799 3753 827 3797 ta
837 3753 963 3813 putantur
973 3746 1042 3795 illius
1053 3746 1147 3794 Sacra:
1165 3743 1263 3793 biucet
1278 3744 1333 3793 Deo

229 3822 272 3890 de
290 3822 383 3887 quibus
407 3838 494 3887 supra,
521 3825 591 3873 uulla
616 3824 759 3873 moderatio
800 3817 911 3889 Phrygio
921 3827 1094 3886 nuncupatur.

229 3899 355 3949 luxuriaez
372 3899 552 3963 impudicitia,
561 3906 607 3949 aut
623 3900 690 3962 gule
707 3913 761 3949 mo·
833 3902 923 3952 Fracto
937 3899 1003 3963 vore]
1030 3898 1148 3960 macies,
1165 3894 1333 3966 effeminata,

229 3976 381 4027 dusuullus.
526 3979 530 3994 t
801 3977 835 4026 ad
847 3977 980 4026 mollitiem
991 3980 1115 4025 enervata
1125 3980 1154 4024 et
1164 3971 1259 4042 fracta.
1286 4025 1290 4032 ,

233 4104 238 4110 ,
260 4051 312 4102 Aut
323 4054 454 4101 resumta
465 4050 562 4114 merso]
583 4051 676 4101 Nimiis
692 4051 760 4101 euim
833 4058 881 4103 112
898 4051 1041 4115 Fuooticar]
1064 4048 1145 4104 Quasi
1156 4062 1231 4099 sacro
1244 4046 1334 4098 furore

229 4119 363 4190 indulgent
374 4129 475 4191 epulis;
493 4128 558 4176 adeo
568 4132 596 4175 ut
608 4142 641 4175 ex
659 4141 763 4191 prover·
804 4129 929 4195 percitus,
953 4143 970 4177 a
990 4126 1075 4178 Furiis
1100 4124 1258 4189 exagitatus,
1282 4123 1334 4173 Ea·

232 4203 286 4268 bio,
296 4204 401 4255 Albaue
414 4206 495 4269 dapes
506 4211 534 4254 et
546 4201 641 4253 meuse
651 4218 699 4268 pro
709 4204 763 4254 lau·
802 4205 887 4256 tirsus.

124 4351 128 4360 1
231 4282 305 4334 tiset
315 4283 505 4334 abundantibus
517 4287 655 4348 ponantur.

1504 428 1524 559 ‘l
