3059 4925
599 418 824 476 voveritis
1221 403 1266 473 85

158 581 192 639 et
205 571 347 638 ultimum
364 572 496 660 AEgppti
506 581 627 658 portem
642 572 700 638 alii
715 571 757 636 de
780 569 958 655 Pentapoli
979 577 1190 657 acceperuut,
1205 573 1264 639 alii

159 679 202 743 do
217 676 331 743 Oasis,
376 677 504 758 Praeter
516 677 589 742 boec
604 676 716 740 omnia
731 673 929 740 ‚iuvenalem
943 694 1009 739 nou
1029 676 1130 740 ivisse
1143 677 1178 741 in
1192 679 1264 743 eri·

159 781 241 844 lium
255 781 458 864 temporibus
472 780 666 857 Domitiani,
678 778 857 863 quemlibet
870 777 989 842 idoneo
1002 783 1085 843 teste
1099 781 1277 863 potentius·

159 884 283 952 evincit
295 882 474 961 Martialis,
489 884 547 967 qui
563 883 685 947 libellit
702 882 770 946 illis
785 880 1078 966 epigrammatum,
1094 901 1180 966 qnos
1202 885 1265 949 sub

161 985 356 1051 Domitiano
378 987 524 1070 scripsit,
539 987 722 1071 frequenter
735 984 933 1050 iuvenalem
954 984 1145 1067 compellat,
1169 989 1266 1070 quasi

160 1087 196 1150 in
214 1086 303 1151 Urbe
316 1093 392 1151 tunc
408 1108 483 1151 eum
505 1091 651 1153 maxime
673 1093 834 1171 agentem,
857 1087 913 1151 eui
927 1091 962 1151 et
975 1105 1077 1151 nuces
1100 1089 1200 1153 mittit
1213 1106 1266 1154 sa·

64 1247 71 1252 .
158 1190 357 1254 turnnlieias
370 1189 429 1253 lib.
445 1189 512 1253 vri.
525 1207 579 1275 ep.
593 1187 649 1258 91.
695 1187 889 1255 Pertendere
908 1189 1033 1274 aliquis
1060 1191 1159 1255 etlam
1187 1211 1266 1276 pos·

160 1298 224 1370 net,
250 1293 314 1357 sub
338 1292 487 1376 Trojano
516 1294 638 1378 potins,
666 1307 767 1378 quam
794 1294 857 1357 sub
889 1292 1063 1358 Hadriano
1087 1294 1266 1378 relegatum

21 1409 22 1414 ’
158 1393 274 1460 tuisse.
318 1396 386 1461 Sed
398 1395 482 1462 illud
496 1397 731 1482 impedimento
745 1402 808 1474 est,
831 1396 921 1481 quod
937 1405 1123 1481 postremas
1144 1398 1266 1463 satiras

160 1498 368 1582 scriptitasse
381 1515 457 1565 eum
479 1502 544 1565 snb
569 1499 746 1567 Hadriano
772 1506 915 1566 constat.
957 1499 1135 1566 Suetonius
1157 1506 1266 1566 autem

159 1601 287 1681 floribit,
302 1601 389 1666 iutro
403 1602 611 1669 brevissimum
627 1614 745 1689 tempto
757 1602 893 1689 periisse,
901 1608 1080 1687 postquam
1094 1605 1129 1669 in
1141 1604 1268 1690 AEgyp·

160 1714 230 1771 tum
244 1708 370 1772 missus
383 1714 443 1787 est,
459 1710 573 1794 ibique
588 1710 701 1775 statim
717 1707 867 1796 languore
881 1728 918 1771 ac
932 1706 1023 1771 tedio
1038 1706 1134 1771 eitam
1145 1705 1269 1792 fluisse,

160 1809 253 1894 quod
275 1817 341 1876 nort
365 1812 485 1877 mirum
510 1817 560 1877 est
584 1809 874 1895 dooetogenario.
920 1810 1057 1875 Falsum
1082 1817 1134 1876 est
1158 1810 1268 1894 igitur,

161 1910 257 1994 quod
279 1911 380 1979 tradit
392 1922 489 1981 vetus
510 1916 684 2000 interpres
706 1915 845 2000 poetam
868 1917 901 1979 in
923 1915 1027 1979 exilio
1050 1915 1168 1980 satiras
1190 1931 1269 1979 snas

161 2018 408 2100 oomponniss03
432 2025 534 2104 etque
547 2020 596 2084 ibi
613 2019 799 2084 etiamtum
812 2017 929 2094 tuisse,
956 2036 1032 2081 curn
1057 2023 1192 2106 propter
1215 2035 1270 2080 su·

161 2120 391 2202 peretidounm
406 2119 627 2187 diversitatem
641 2120 788 2187 Ombitae
803 2127 838 2187 et
859 2120 1040 2205 Tentyritae
1061 2119 1271 2185 internecivis

161 2217 317 2288 cordibus
331 2239 404 2287 sese
417 2224 559 2290 mvioem
580 2224 810 2290 contuderunt:
834 2209 929 2308 quest
944 2242 966 2287 n
980 2222 1182 2305 tenporibus
1199 2222 1271 2288 Do·

160 2323 290 2388 initiant
306 2341 412 2409 usque
437 2325 481 2392 ad
495 2327 591 2392 initia
606 2326 773 2392 Hadriani
787 2326 919 2410 imperii
934 2326 968 2390 ln
991 2326 1094 2390 exilio
1111 2344 1174 2391 suo
1196 2345 1271 2411 per»

162 2428 320 2491 manserit
334 2434 433 2514 atque
447 2430 547 2496 etiarn
562 2428 691 2495 obierit.
720 2426 824 2509 Quod
846 2429 935 2494 eninr
948 2428 1031 2494 dicit
1045 2430 1079 2493 in
1092 2446 1133 2493 ea
1148 2427 1271 2509 Satira,

162 2534 239 2606 (xv.
256 2528 330 2616 db.)
348 2543 493 2597 ‘uiolatum
507 2531 578 2613 ribi,
591 2535 754 2599 barbaras
775 2535 927 2598 nationes
940 2533 1120 2617 superioris
1134 2533 1272 2618 AEgypti

163 2633 298 2698 luxurie
312 2652 379 2700 non
394 2636 509 2702 oedem
522 2635 696 2722 Canopitis
709 2643 742 2703 et
754 2635 1005 2713 Alexandrinis,
1017 2636 1083 2701 boc
1097 2656 1163 2701 non
1174 2635 1272 2702 refer·

161 2735 194 2799 ri
204 2735 309 2800 debet
322 2736 366 2802 ad
379 2737 462 2802 illud
475 2746 619 2824 tempus,
635 2758 703 2825 quo
717 2738 862 2805 satiram
882 2758 958 2803 eam
979 2739 1155 2817 scribebat,
1174 2740 1272 2823 quasi

21 2904 23 2913 ,
163 2838 201 2902 ln
214 2854 252 2904 ro
265 2841 422 2924 presenti
434 2846 511 2905 tono
525 2840 633 2920 luerit,
643 2860 719 2906 oum
734 2862 777 2906 ea
790 2846 880 2924 gestu
895 2845 984 2919 sunt,
998 2858 1074 2923 queo
1089 2841 1138 2905 ibi
1150 2839 1273 2905 deseri·

164 2940 227 3006 bit.
272 2939 410 3026 Quippe
437 2942 560 3009 Romae
589 2945 748 3029 seriptum
774 2962 849 3008 esse
871 2944 976 3008 multa
1000 2946 1151 3025 arguunt.
1197 2941 1273 3006 Neo

164 3056 280 3109 rursus
294 3043 337 3107 ad
351 3043 387 3108 id
401 3050 533 3128 tompus
545 3045 715 3111 referenda
727 3045 891 3124 videntur,
914 3063 981 3130 quo
994 3044 1030 3108 in
1043 3043 1182 3130 AEgypti
1196 3062 1273 3129 par·

165 3151 232 3209 tem
246 3145 398 3210 nltimam
411 3165 433 3210 o
452 3144 641 3213 Domitiano
655 3149 798 3212 missum
811 3147 936 3226 volunt,
952 3136 1042 3232 qnod
1061 3164 1197 3231 promus
1210 3145 1274 3211 sal·

165 3262 243 3312 snm
256 3265 329 3312 esse
343 3247 558 3314 ostendimus.
602 3248 658 3317 An
679 3268 746 3315 non
770 3248 838 3315 olio
860 3256 1123 3334 temporeotqne
1144 3249 1211 3314 alia
1233 3249 1274 3314 de

166 3368 273 3415 muso
299 3351 481 3436 AEgyptnm
505 3350 642 3416 lustrare
663 3352 798 3437 juvenis
823 3353 932 3436 potnit
953 3351 1149 3417 Juvenalisl
1172 3352 1274 3416 animi

165 3468 284 3538 nempe
298 3454 406 3536 gratia
430 3453 479 3516 uel
502 3457 551 3529 τῆς
574 3450 697 3545 ἱστορίας
709 3449 813 3540 χάριν,
838 3460 876 3517 ut
899 3454 997 3518 urbes
1019 3452 1161 3536 regionis
1183 3453 1273 3517 illius

167 3555 432 3640 populorumque
445 3572 554 3621 mores
569 3558 805 3638 cognoscerem
847 3555 944 3620 Tunc
955 3554 998 3618 de
1011 3554 1143 3619 luxurie
1159 3553 1275 3618 Ombi-

167 3664 277 3723 tenrm
301 3662 335 3722 et
363 3659 606 3745 Tentyritarum
634 3678 677 3724 eo
704 3660 881 3737 notaverit,
911 3678 987 3743 quoe
1015 3658 1139 3722 ibidem
1167 3655 1274 3722 refert

167 3763 265 3829 cete
289 3764 422 3847 scriptis
444 3765 596 3828 omnibns
628 3764 737 3828 satiris
762 3769 797 3828 et
822 3762 1003 3847 publicatis
1029 3761 1275 3845 octogenarium

168 3866 311 3951 ejectum
326 3865 417 3930 Urbe
430 3866 466 3930 in
480 3866 663 3951 AEgyptum
683 3866 790 3930 luisse
813 3882 874 3950 per
888 3865 1033 3949 speeiem
1044 3862 1190 3940 bonon‘s,
1212 3862 1276 3925 ibi·

170 3982 236 4052 qne
245 3969 338 4033 ‘inne
356 3968 586 4035 brevissimum
599 3975 731 4053 ternpus
750 3968 857 4035 toedio
870 3966 1010 4053 periisse
1025 3964 1182 4030 Suetonio
1204 3982 1274 4031 ore·

172 4069 327 4136 dendnmz
626 4078 628 4081 ’
