3059 4925
619 363 845 416 JUVBNALIS.
1237 354 1282 422 27

173 501 283 572 mio
307 504 512 591 raynonem
534 506 700 587 Leontio,
721 508 877 594 Virgilio,
893 509 1052 578 Martiali.
1092 510 1134 583 Q.
1150 511 1282 584 Jontem

175 599 345 672 Raeticum
368 610 531 693 intelligit,
556 612 615 695 qui
640 610 764 678 Consul
789 612 855 679 fuit
877 633 954 680 cnm
977 614 1157 683 Hadriano
1183 620 1283 685 tertio

174 710 250 793 ejus
263 712 395 795 imperii
409 732 509 793 anno,
524 714 618 778 urbis
639 720 750 780 autem
770 716 915 784 conditae
933 721 1284 806 noccnxx11.itaqne

174 814 374 899 paulopost
385 816 591 882 consulatum
605 815 699 882 Junii
714 819 842 903 scripta
856 821 915 887 illa
929 820 1051 888 Satira.
1088 822 1152 889 Vir
1166 823 1284 890 doctus

175 924 274 993 errat,
295 918 354 1001 qni
376 917 421 990 ad
444 919 653 984 consulatum
676 917 785 1005 Appii
809 921 903 988 Junii
928 922 1044 989 Sabini
1066 924 1141 992 haec
1164 926 1283 991 referre

173 1019 333 1097 malam
347 1039 435 1086 anno
449 1020 494 1085 U.
508 1019 548 1087 C.
566 1039 820 1091 ccccxxxvii.
836 1045 904 1109 qno
928 1025 960 1090 is
979 1026 1108 1110 college
1129 1027 1193 1093 init
1213 1027 1284 1093 Do·

171 1119 317 1188 miliani.
363 1122 497 1188 Etemm
519 1124 671 1192 extincto
688 1125 762 1210 jam
777 1125 973 1193 Domitiano
986 1147 1101 1198 omnes
1112 1128 1175 1194 has
1194 1128 1284 1194 Sati·

173 1242 230 1287 ras
253 1224 399 1309 scriptas
423 1225 537 1307 fuisse,
563 1227 651 1311 ipsae
672 1229 714 1295 dc
735 1231 881 1295 scolare
906 1230 1061 1309 clamant,
1080 1230 1193 1297 etalii
1210 1233 1282 1317 jam

172 1326 366 1408 prnbanmt.
409 1328 640 1395 Tredecimam
661 1351 794 1417 qnoque
824 1333 886 1397 sub
909 1332 999 1397 idem
1023 1332 1125 1398 ferme
1152 1338 1283 1418 tempus

172 1432 397 1513 compositam
420 1431 499 1516 ipsa
523 1431 620 1498 (licet
664 1432 722 1500 Ae
745 1433 922 1500 Calvinum
945 1435 1073 1504 directa
1097 1442 1158 1515 est,
1183 1455 1282 1520 quem

174 1525 303 1595 Fonteio
313 1533 448 1599 consule
458 1539 574 1599 nanim
589 1537 762 1620 sexaginta
770 1538 843 1623 jam
853 1555 959 1603 annos
972 1545 1050 1623 post
1060 1559 1097 1605 se
1107 1538 1282 1624 reliquisse

168 1631 320 1698 disertim
333 1636 456 1703 scribit.
501 1636 580 1703 Duo
594 1643 722 1703 mutum
737 1646 814 1705 sunt
832 1637 952 1704 Fonteii
965 1641 1130 1720 consules,
1146 1641 1205 1726 qui
1224 1641 1279 1706 hic

170 1735 283 1801 locam
306 1738 426 1804 habere
446 1741 588 1824 possint.
633 1740 733 1808 Prior
760 1738 800 1807 C.
818 1738 965 1808 Fonteiae
992 1740 1117 1828 Capito,
1133 1745 1190 1828 qui
1212 1743 1282 1810 col·

170 1839 247 1923 lega
261 1838 419 1925 Vipsanii
432 1841 495 1907 fnit
508 1843 552 1908 ad
564 1862 596 1909 a.
613 1842 657 1909 U.
673 1841 713 1909 C.
729 1861 897 1910 ncccxrr.
913 1846 1047 1931 acujus
1062 1846 1235 1911 commem
1250 1846 1281 1911 si

171 1943 350 2024 sexaginta
372 1963 478 2010 annos
498 1965 659 2024 nummos,
679 1948 716 2012 in
736 1966 855 2014 annm
873 1948 1013 2028 incides,
1028 1947 1086 2034 qai
1106 1946 1282 2033 praecessit

170 2043 266 2110 Junii
290 2048 509 2115 consulatum.
553 2048 621 2114 Sed
636 2050 719 2116 dicit
738 2051 811 2134 jam
829 2070 906 2118 eum
930 2047 1089 2136 reliquisse
1106 2058 1175 2135 post
1190 2058 1279 2136 terga

169 2148 350 2230 sexaginta
363 2169 483 2216 annos:
498 2171 578 2235 ergo
592 2171 660 2217 uno
673 2153 749 2237 plus
767 2170 852 2216 armo
863 2151 1029 2217 habuerit:
1049 2151 1138 2236 quod
1152 2155 1281 2234 tempus

169 2249 291 2315 incidit
310 2254 345 2316 in
367 2253 479 2337 ipsum
502 2252 595 2319 Junii
618 2257 837 2332 consulatum,
853 2274 922 2340 quo
945 2260 979 2321 ct
997 2256 1156 2339 scriptam
1176 2252 1281 2318 lesisse

170 2357 302 2419 constat
316 2354 387 2420 Sat.
398 2350 489 2420 1111.
501 2362 535 2422 et
548 2357 605 2421 illa
619 2356 653 2421 in
662 2357 810 2442 AEgypto
823 2355 987 2423 accidisse
998 2357 1083 2421 inter
1094 2355 1280 2440 Tentyrites

170 2464 205 2524 et
214 2455 382 2537 Ombitas‚
392 2480 470 2543 quae
483 2458 554 2525 Sat.
566 2477 632 2526 rr.
642 2468 815 2526 narrantur
824 2468 983 2546 tanquam
995 2481 1093 2544 nuper
1100 2468 1199 2547 gesta,
1209 2479 1282 2523 core·

168 2559 236 2623 orele
251 2561 326 2629 scil.
339 2557 461 2637 Jaaio‚·
477 2563 601 2629 uthina
615 2564 754 2648 liqueat,
773 2581 860 2629 xrri.
877 2565 1100 2649 compositam
1119 2565 1185 2628 sub
1199 2580 1278 2628 con·

170 2665 317 2729 sulatnm
335 2663 443 2744 Junii,
460 2682 525 2730 xV.
541 2671 653 2731 autem
666 2667 770 2751 paulo
783 2672 863 2751 post
884 2666 1030 2752 ejusdem
1053 2665 1278 2730 consulatum.

170 2769 226 2832 Ile
237 2769 346 2852 priore
358 2769 460 2852 igitur
468 2768 533 2834 hoc
548 2768 688 2833 Fonteio
698 2766 897 2833 iuvenalem
906 2769 1163 2852 interpretamur.
1185 2764 1279 2830 Alter

166 2871 233 2936 suit
258 2866 300 2932 L.
315 2866 460 2934 Fonteius
484 2867 610 2955 Capito,
636 2872 696 2955 qui
721 2871 885 2952 collegam
906 2870 1023 2935 habuit
1045 2869 1081 2933 in
1104 2868 1279 2933 consulatu

169 2972 212 3038 C.
225 2971 357 3038 iulium
371 2973 500 3040 Rufum
512 2980 635 3040 octavo
652 2992 739 3037 anno
756 2977 836 3056 post
855 2970 895 3036 C.
912 2971 1041 3038 Fonteii
1060 2969 1275 3037 consolatam

78 3105 84 3113 ·
168 3074 288 3141 Exhis
296 3082 537 3143 noscertumet
545 3081 751 3159 compertum
759 3073 931 3153 habemus,
942 3079 1082 3158 quatuor
1090 3078 1277 3159 postremas

167 3177 346 3243 luvenalis
364 3179 491 3244 Satiras
510 3179 605 3244 initio
626 3179 756 3262 imperii
780 3177 946 3241 Hadriani
965 3181 1140 3242 contextas
1159 3174 1277 3252 fuisse,

167 3278 315 3363 reliquas
328 3282 454 3347 fortean
475 3282 538 3346 sub
552 3280 709 3367 Trajano,
724 3277 820 3363 certef
829 3284 907 3363 post
926 3284 1062 3344 mortem
1080 3276 1276 3343 Domitiani.

168 3379 247 3446 Nec
263 3382 401 3450 dubium
414 3385 520 3450 habeo
534 3384 617 3469 quin
630 3382 812 3468 Trajanum
828 3381 977 3466 designet
990 3380 1061 3447 Sat.
1077 3396 1143 3445 vu.
1159 3398 1211 3462 pr.

329 3539 374 3604 Et
388 3552 494 3628 speret
510 3541 594 3606 ratio
607 3539 780 3605 stadiorum
795 3539 829 3603 ia
846 3537 968 3604 Cerere
983 3550 1115 3606 teritum.

169 3691 335 3756 Neronem
357 3692 421 3758 hoc
443 3711 543 3757 versu
556 3693 689 3777 palpari
709 3697 802 3757 notat
814 3696 911 3757 vetus
930 3692 1098 3775 interpres.
1140 3688 1273 3774 lnepte:

166 3813 228 3859 nec
243 3797 355 3880 aptius
369 3799 431 3872 est,
447 3795 539 3879 quod
553 3795 589 3860 in
603 3795 721 3860 mem
736 3794 849 3861 Satira
862 3795 1108 3871 versennium,

321 3944 491 4033 Praefectos
508 3945 644 4033 Pelopea
649 3944 751 4034 socii,
770 3943 949 4011 Philomela
967 3941 1129 4022 Tribunos,

169 4085 211 4147 de
237 4083 272 4148 N
274 4105 372 4150 crona
394 4085 529 4170 accipit,
554 4092 587 4151 ct
614 4091 748 4172 propter
768 4085 857 4149 hunc
881 4101 1014 4148 versum
1035 4083 1068 4145 in
1090 4079 1272 4145 cxilinma

169 4184 301 4252 Nerone
331 4188 472 4252 missum
499 4187 634 4273 poitam
664 4187 792 4253 scribit.
846 4182 955 4269 Atqui
984 4181 1116 4248 tradunt
1146 4181 1273 4247 eaedem
