3059 4925
241 350 312 425 866
596 371 632 420 u.
654 357 997 419 ruurr‘ruvnuunrs

241 513 360 597 Pugno
373 510 555 598 Saguntina·
567 513 669 581 fervet
683 514 863 579 commissa
875 513 1006 596 lagena.

242 613 323 699 Ipso
335 617 491 700 capillato
506 615 662 682 diffusum
676 618 814 682 consulo
827 622 935 702 potat,

242 716 480 803 calcatamque
493 724 581 783 tenet
593 720 690 784 bellis
704 720 888 785 socialibus
902 738 1015 797 uvam,

242 818 405 885 Cardiaoo
419 840 589 905 nunquam
604 822 758 905 cyathum
771 823 936 887 missurus
950 822 1073 886 amico.

241 920 326 987 Cras
339 924 432 989 bibet
445 922 585 988 Albanis
600 923 729 1008 aliquid
743 923 785 990 de
798 927 980 1003 montibus,
996 929 1054 989 aut
1068 924 1109 989 de

242 1102 267 1151 et
288 1102 407 1149 euteroom
433 1098 577 1149 libertarent
621 1100 666 1149 llle
685 1113 747 1148 vero
768 1099 858 1149 vinnm
880 1098 939 1148 bibit
960 1097 1066 1159 uiarum
1086 1099 1181 1149 crinitis
1201 1097 1350 1162 Consulibus,

243 1167 268 1212 et
282 1167 361 1213 smne
376 1179 492 1214 racemum
508 1164 568 1214 bello
590 1164 671 1214 sodali
691 1179 818 1228 pressum
842 1164 976 1229 nequidem
999 1164 1112 1228 seypbum
1135 1179 1237 1227 usqum
1315 1178 1350 1212 ee·

241 1233 311 1301 terres
325 1229 448 1289 sustulisti
466 1231 535 1281 eorde
553 1231 651 1281 dolenti.
691 1230 777 1279 Altera
795 1229 834 1278 die
856 1230 949 1294 potabit
967 1230 1079 1294 mium
1096 1247 1110 1281 e
1126 1229 1222 1279 collibus
1273 1226 1351 1293 Maio,

705 1364 885 1385 munnae

242 1455 350 1501 -88-48
366 1448 466 1499 extrusi
477 1465 492 1499 e
505 1455 546 1500 18.
569 1454 662 1501 rosel.
688 1451 858 1515 liberorumque
869 1456 910 1502 27.
922 1454 1030 1501 47.-86
1047 1450 1156 1511 &sanum
1165 1451 1274 1499 88.-88
1292 1447 1351 1496 Cor·

243 1517 311 1569 atreo
322 1520 363 1567 18.
390 1516 505 1566 Garriioeo
516 1516 627 1581 ryotbem
637 1531 684 1567 rou
691 1523 844 1582 porrecturus
854 1517 929 1567 ursino
940 1516 967 1566 in
977 1516 1089 1582 quodam
1100 1514 1252 1579 exemplari,
1263 1512 1351 1564 nescio

742 1646 849 1697 NOTAE

274 1747 308 1793 29
324 1743 459 1807 Saguntino
469 1745 565 1811 Ingena]
581 1744 637 1796 Aut
648 1745 709 1795 rino
720 1759 778 1808 pes·
817 1749 847 1793 ut
870 1742 1000 1808 Opimium
1021 1748 1066 1794 aut
1087 1741 1206 1792 Auitium
1228 1738 1357 1789 Consules·

242 1819 307 1870 siiuo
331 1836 365 1871 ex
391 1822 459 1887 agris
484 1822 659 1886 Saguntinis:
702 1830 777 1872 vetus
818 1819 941 1886 requirat.
973 1818 1058 1885 Atqui
1069 1819 1109 1868 bae
1119 1823 1189 1868 notae
1206 1820 1268 1866 suut
1287 1813 1354 1880 opti·

242 1890 340 1948 Sobol.:
353 1897 394 1947 vel
402 1899 488 1962 potius
496 1897 618 1962 fictili,ex
628 1900 678 1949 ista
684 1899 779 1963 Hispa·
818 1910 877 1958 mae,
889 1894 985 1958 credo‚’
1002 1898 1052 1945 &a
1349 1888 1352 1896 '

243 1975 295 2024 rriae
315 1975 395 2038 urbe;
420 1977 454 2026 (le
474 1992 525 2041 qno
543 1976 611 2026 Plio.
630 1989 716 2024 xxxv.
736 1979 778 2025 12.
850 1974 929 2023 Bellis
938 1972 1071 2036 meiolilrue]
1103 1974 1146 2022 De
1162 1971 1202 2021 bis
1213 1967 1274 2019 vide
1287 1969 1352 2018 Luc.

243 2051 279 2101 Et
290 2052 404 2102 Martial.
415 2053 549 2117 Epigram.
562 2066 620 2101 x1v.
639 2057 694 2102 168.
711 2052 779 2100 ‘Su-
819 2051 889 2101 Flor.
909 2064 952 2100 111.
973 2054 1014 2099 18.
1034 2056 1062 2099 et
1078 2048 1193 2114 praeced.
1224 2045 1276 2096 'lit
1295 2044 1352 2094 Lis.

244 2142 286 2178 ure
296 2127 699 2194 Saguntinopooulalictaloto?
716 2129 779 2178 Por·
819 2127 839 2176 l.
849 2139 924 2177 ixxr.
956 2126 1066 2176 Scilicet
1079 2125 1166 2176 Iatioi
1184 2135 1282 2185 omues,
1301 2120 1355 2171 alii·

243 2217 274 2253 ro
295 2203 418 2267 &motu
436 2206 560 2270 oppidum
581 2205 665 2254 estin
686 2205 779 2267 Regno
819 2218 871 2269 que
893 2204 978 2253 ltaliae
999 2204 1099 2267 populi,
1121 2202 1209 2267 iniquo
1236 2198 1353 2249 ferentes

243 2280 383 2344 valentia,
403 2281 489 2344 bodie,
508 2282 644 2330 Moroedre.
685 2280 779 2342 Sagun·
818 2281 913 2344 aninw,
931 2279 1001 2345 quod
1013 2293 1120 2329 onerum
1132 2277 1239 2341 Imperii
1254 2274 1355 2340 perieu-

243 2357 389 2419 tissafernes
413 2359 441 2408 in
459 2360 631 2410 Proverbium
651 2359 723 2424 abiit,
745 2370 779 2409 ex
818 2360 954 2422 lorumque
973 2372 1034 2406 saue
1052 2354 1194 2420 participes
1210 2359 1308 2415 essent,
1326 2356 1354 2401 et

243 2449 298 2501 quo
313 2435 448 2501 Saguntini
467 2450 515 2501 per
534 2442 593 2487 octo
610 2450 710 2486 meuses
733 2437 779 2487 ob·
818 2451 869 2487 uou
886 2436 950 2487 iteru
965 2445 1099 2485 munerum
1111 2441 1191 2498 atque
1208 2431 1353 2494 bonoris,a

244 2512 308 2563 sessi
317 2519 435 2562 extrema
451 2510 520 2563 ferre
536 2512 691 2574 maluerunt,
701 2528 779 2577 quam
819 2516 893 2565 Livio
904 2516 992 2564 Druso
1004 2514 1108 2577 insuper
1119 2527 1166 2576 spe
1177 2509 1290 2561 civitatis
1301 2510 1354 2558 elus

244 2603 275 2639 ee
290 2588 415 2640 Annibali
432 2589 536 2642 dedere.
568 2591 619 2642 lit.
639 2590 698 2641 Liv.
716 2604 778 2642 xxi.
819 2591 850 2654 si,
860 2590 929 2656 qnod
936 2591 998 2656 J‘ure
1009 2605 1037 2640 se
1048 2589 1146 2639 frustra
1156 2595 1248 2651 petere
1259 2585 1354 2635 intelli-⁷

243 2671 271 2718 6.
283 2675 310 2717 et
321 2678 378 2732 seq.
819 2669 924 2732 gebant,
934 2668 1011 2717 armis
1025 2665 1052 2715 id
1070 2663 1192 2729 consequi
1208 2668 1353 2712 tentarunt.

275 2747 309 2797 80
325 2747 380 2810 Ipse
390 2746 571 2811 eopillote,ise.]
604 2746 711 2798 Interea
728 2749 779 2798 Pa·
820 2747 891 2797 Hinc
910 2747 981 2811 ipsos
1004 2747 1129 2797 Consules
1151 2744 1276 2809 aggressi,
1294 2756 1354 2793 enne

244 2827 335 2874 honus
346 2837 496 2886 generosum
509 2822 575 2873 bibit
586 2838 617 2873 ro
628 2824 731 2874 salubre
741 2825 780 2874 vi·
819 2824 883 2873 nibil
898 2823 1066 2888 proficerent,
1078 2822 1149 2872 vario
1161 2829 1246 2870 tamen
1257 2825 1355 2871 eventu

242 2912 324 2949 uum:
346 2907 423 2949 vetus
441 2907 544 2964 nempe,
562 2906 590 2951 et
605 2900 705 2965 optimo
723 2902 779 2950 solo
820 2906 976 2965 pugnantes,
985 2914 1038 2949 non
1052 2913 1143 2964 parum
1155 2897 1354 2948 Romanosfsti·

244 2984 405 3042 generatum.
820 2983 924 3041 garant,
941 2990 989 3039 per
999 2990 1080 3024 annos
1091 2973 1147 3024 fere
1158 2980 1279 3039 quatuor.
1311 2972 1355 3021 Se·

278 3056 396 3121 quillnto
422 3054 532 3119 Coum]
572 3053 644 3106 Dum
669 3057 780 3107 Romani
818 3053 973 3102 einlebellum
984 3052 1047 3102 alias
1056 3050 1354 3115 Marsicumsppellatur,

245 3131 370 3181 Consules
378 3137 452 3182 erant
461 3133 544 3183 adbrrc
553 3132 659 3195 intonsi,
668 3148 780 3184 romanu
819 3145 852 3182 eo
863 3130 933 3195 quud
944 3130 1024 3180 Marri
1035 3137 1172 3179 moverunt
1186 3128 1251 3178 illud
1268 3128 1355 3193 primi.

245 3220 299 3271 que
316 3208 428 3258 rlebaut.
461 3209 529 3257 Vide
549 3211 604 3259 Sat.
621 3214 646 3260 4.
666 3224 704 3259 vs.
722 3214 779 3262 168.
819 3207 890 3257 Vide
907 3207 1023 3271 Appiau.
1044 3207 1109 3258 Rell.
1122 3207 1198 3257 Civil.
1218 3206 1236 3256 Ι.
1248 3220 1270 3256 1.
1303 3206 1355 3255 Eu·

244 3282 347 3333 adeam
358 3284 586 3346 vocem,Borboto.
819 3287 888 3349 trop.
900 3285 917 3333 1.
928 3298 955 3332 v.
989 3282 1252 3348 plutarcuinsylta
1275 3281 1356 3333 Oros.

278 3361 413 3426 Diffusum]
445 3362 478 3411 ln
497 3363 575 3411 seriae
592 3377 623 3413 ae
639 3363 779 3414 vasainiu·
818 3374 846 3411 v·
859 3365 898 3411 18.
1166 3397 1167 3400 ,
1223 3385 1224 3388 ¹

246 3449 313 3487 rum.
852 3442 884 3488 82
906 3437 1034 3502 Curriioro]
1066 3440 1128 3502 Cor,
1143 3440 1244 3500 Creece
1263 3436 1355 3503 mobis«

279 3517 309 3563 81
329 3514 781 3579 Colentosqusteretbellissooiolibos
819 3514 1025 3565 ‘Gordianorum
1047 3515 1139 3564 morbo
1156 3531 1230 3580 spem
1251 3517 1355 3566 unicam

244 3593 327 3657 arum]
358 3594 397 3642 Eo
408 3600 526 3657 tompore
544 3609 594 3659 quo
612 3597 682 3646 Sext
693 3597 779 3648 Julius
820 3591 846 3641 iu
858 3592 917 3641 vino
931 3607 988 3642 esse
997 3598 1098 3642 certum
1109 3592 1167 3657 est,'
1184 3592 1270 3657 inquit
1283 3581 1358 3643 Ptin(

247 3667 336 3717 Caesar
363 3678 391 3719 et
418 3670 457 3719 M.
484 3669 622 3735 Pbilippus
655 3673 780 3722 Consules
821 3682 905 3718 xxm,
917 3673 940 3718 1.

244 3753 333 3807 aaut,
347 3759 414 3796 anuo
436 3746 516 3795 Urbis
537 3752 595 3799 668.
643 3749 710 3800 Sunt
734 3750 780 3814 qui
853 3747 981 3809 Nusquam
1003 3746 1115 3810 rudberti
1133 3745 1249 3795 nim
1269 3742 1356 3808 osto]

248 3821 415 3886 Opimianum
440 3822 527 3873 vinum
554 3825 712 3889 intelligant,
730 3827 779 3875 sci·
820 3823 922 3888 Optimi
944 3837 1024 3887 porro
1049 3821 1117 3871 illins
1143 3822 1197 3871 vini
1223 3821 1354 3871 nutilium

244 3898 310 3949 linet
325 3913 476 3962 expressum
493 3914 561 3950 anno
572 3901 651 3951 Urbis
665 3902 779 3954 condita
819 3901 882 3950 dare
892 3901 973 3950 nollet
984 3900 1067 3950 emino
1076 3899 1156 3952 etiam
1167 3899 1307 3962 laboranti,
1320 3910 1354 3948 ne

244 3980 305 4027 688.
322 3975 355 4025 de
372 3992 424 4041 quo
444 3976 512 4028 Pliu.
533 3983 627 4028 xum.
646 3985 673 4028 et
693 3984 734 4029 14.
750 3984 779 4029 et
819 3977 924 4043 quidem
945 3984 1069 4042 quantum
1094 3976 1210 4026 continet
1234 3976 1353 4040 oyutbns,

247 4052 472 4104 Cioinllrutou.
484 4058 541 4103 lul.
558 4055 614 4103 ‘Ut
629 4055 719 4119 siquis
732 4056 780 4104 Fa·
820 4070 865 4105 ras
878 4055 1023 4118 parvolum.
1057 4051 1131 4103 Adeo
1149 4053 1200 4102 eibi
1219 4052 1265 4102 aui
1281 4052 1352 4102 dives

246 4128 320 4179 leuno
341 4129 506 4191 delectetur&
534 4130 629 4196 iuquit,
656 4132 726 4182 ‘sed
747 4147 780 4183 eo
820 4131 941 4182 consulit.

245 4220 296 4258 uec
306 4207 344 4256 itu
353 4222 430 4271 novo,
441 4213 472 4259 ut
489 4209 612 4273 proximis
627 4209 780 4260 Consulibus
849 4212 885 4260 88
901 4207 1013 4272 Albanis]
1035 4208 1080 4257 De
1090 4204 1161 4259 Alba
1171 4206 1280 4256 civitate
1289 4202 1355 4254 dixi·

246 4284 425 4347 notumvelit3
453 4298 502 4336 uec
520 4295 606 4337 rursus
624 4284 664 4338 ita
680 4291 780 4347 vetere,
819 4293 878 4335 mur
893 4284 949 4337 Sat.
959 4287 985 4334 l.
1003 4298 1041 4335 rs.
1050 4287 1094 4333 61.
1125 4281 1352 4334 Albanumeutrsu
