3059 4925
521 385 528 404 ι
592 370 815 422 suvauaurs.
1211 358 1266 427 db·

150 513 251 598 pobta
263 515 535 601 publicatamque
558 517 676 598 fuisse,
699 539 777 587 cum
796 522 881 588 satis
902 519 1016 605 utique
1035 527 1175 603 wnetet,
1190 528 1257 591 tre-

150 618 316 687 decimum
339 625 374 685 et
395 621 559 712 decimam
587 623 749 719 quintam,
774 643 850 709 qnae
873 625 1058 708 penultima
1077 631 1140 705 est,
1153 627 1253 694 initio

150 718 318 792 Hadriani
328 721 471 805 scriptas
484 742 569 801 esse,
583 723 626 789 ad
642 726 776 790 tertium
793 726 885 808 regni
899 724 972 811 ejus
988 747 1121 796 annum.
1165 729 1254 797 Tum

148 819 400 906 internicionem
425 824 520 903 verrit,
533 826 623 911 quusi
642 836 784 912 tempora
796 825 940 916 figurate
964 839 1107 909 notasset,
1121 839 1267 918 propter,

146 924 208 992 illa
222 926 336 1006 verba,
346 946 425 1011 qnae
438 928 589 1013 leguntur
603 931 713 996 Satira
724 932 868 1021 septima
888 932 956 1018 (vs.
967 931 1040 1019 90.)

369 1074 462 1166 Quod
475 1078 624 1144 recrederet
637 1104 787 1171 proceres,
801 1081 889 1148 dubit
903 1081 1023 1149 histrio,

146 1228 297 1314 Smpnae
310 1216 362 1298 heb
376 1251 477 1300 voces
492 1234 643 1304 Suetonii
666 1236 888 1320 ponderanda
908 1243 993 1316 sunt,
1008 1237 1040 1301 in
1055 1238 1255 1323 suspicionem

148 1332 243 1409 seuit,
256 1339 291 1399 et
304 1334 540 1424 quusifigurate
561 1348 698 1422 temporo
723 1326 866 1405 notasset.
912 1338 998 1406 Cum
1012 1342 1099 1406 enim
1113 1346 1183 1408 tota
1196 1341 1256 1408 illa

148 1433 263 1500 Satira
275 1456 328 1501 res
343 1443 376 1503 et
388 1438 538 1506 homines
557 1441 730 1508 anterioris
749 1442 910 1526 temporis
934 1461 1070 1527 carpere
1088 1442 1254 1523 rideatur,

148 1543 182 1601 et
192 1539 387 1606 nominatim
413 1541 571 1609 Paridem
597 1545 744 1628 arripiat,
766 1545 826 1628 qui
847 1545 910 1610 snb
925 1544 1118 1611 Domitiano
1130 1545 1251 1625 floruit,

150 1645 182 1710 et
194 1644 306 1728 potuit
317 1645 458 1711 multum
470 1647 505 1710 in
518 1646 740 1731 provehendis
755 1649 826 1712 suis
839 1646 1035 1730 fautoribus,
1046 1646 1191 1736 figurae
1204 1655 1255 1715 ta-

150 1763 223 1836 men
237 1746 338 1812 etiam
349 1766 498 1831 praesens
511 1757 644 1832 tempus
658 1757 772 1815 notare
783 1755 853 1814 tum
872 1751 964 1814 visus
983 1756 1044 1830 est,
1059 1770 1126 1835 quo
1138 1751 1257 1818 simili-

150 1853 196 1924 ter
209 1856 243 1915 et
266 1850 391 1920 histria
407 1851 550 1936 quidam*
565 1861 695 1937 potens,
718 1858 752 1917 ot
777 1853 921 1918 scenicae
936 1854 1090 1935 gratiosae
1104 1854 1255 1936 militias,

150 1954 344 2033 tribunatus,
359 1960 391 2020 et
403 1955 629 2038 praefecbrras,
637 1954 822 2021 fautoribus
836 1955 906 2020 suis
920 1954 1131 2020 conciliabat.
1173 1954 1254 2022 Hoc

148 2074 208 2123 uec
224 2056 353 2123 abludit
372 2077 394 2123 a
414 2059 559 2124 moribus
572 2056 748 2136 Hadriani,
764 2058 823 2143 qni
836 2056 950 2122 varius
963 2057 999 2124 in
1012 2058 1164 2122 omnibus
1173 2057 1255 2124 suit:

148 2176 225 2224 uam
243 2164 279 2222 et
291 2160 453 2243 psallendi
468 2160 674 2245 canendique
696 2159 809 2226 studio
824 2161 1005 2242 tenebatur,
1018 2167 1054 2228 et
1068 2159 1254 2225 comoedias

149 2260 396 2346 bagoediasque
421 2282 551 2347 semper
565 2264 601 2327 in
622 2263 776 2327 convivio
794 2262 982 2329 exhibebat.
1026 2264 1120 2329 Licet
1145 2268 1256 2328 autem

149 2362 232 2430 nibil
246 2363 314 2428 tale
325 2366 516 2448 scripserint
529 2373 682 2432 auctores
696 2367 776 2435 vitae
801 2366 980 2446 Hadriani,
1004 2368 1062 2452 qui
1080 2364 1179 2431 hodie
1193 2385 1254 2431 ex·

147 2469 230 2542 tant,
245 2484 312 2531 nnn
326 2466 512 2535 dubitanter
524 2475 634 2535 tamen
655 2470 690 2534 id
710 2488 890 2554 possumus
909 2468 1082 2548 affirmare,
1097 2474 1147 2534 tot
1156 2467 1256 2533 certis

149 2570 353 2650 argumentis
366 2575 400 2634 et
414 2572 602 2638 testimonio
624 2572 788 2648 Suetonii,
802 2572 892 2656 quod
917 2572 1027 2636 omnia
1047 2577 1193 2656 superat,
1205 2571 1254 2634 in-

148 2668 252 2739 ducti.
299 2672 413 2759 Finge,
428 2693 519 2752 vero,
533 2675 635 2740 verba
653 2675 722 2754 illu,
733 2672 818 2761 qaod
836 2696 898 2740 aon
912 2673 988 2738 duat
1002 2694 1150 2759 proceres,
1164 2671 1255 2737 debit

148 2770 269 2853 terrio,
282 2774 324 2839 de
338 2779 541 2861 temporibus
566 2778 749 2844 Domitiani
763 2779 844 2857 dici,
859 2783 894 2843 et
917 2778 950 2841 in
966 2776 1123 2842 Paridem
1137 2784 1255 2861 panto·

148 2878 285 2941 mimum
300 2878 391 2942 illius
406 2881 483 2959 aevi,
498 2879 589 2944 nulle
602 2886 680 2945 tunc
704 2881 764 2945 erit
788 2881 903 2963 figura,
918 2879 1043 2944 nullum
1053 2881 1169 2962 σχῆμα,
1182 2878 1256 2943 nnl-

148 2975 217 3041 lum
231 2980 367 3062 oblique
387 2981 532 3048 dictum:
565 3000 644 3045 nam
657 2981 806 3050 districte
822 3000 863 3045 ac
883 2979 1004 3044 directe
1017 2983 1167 3061 tempora
1181 2977 1254 3043 Do-

147 3082 277 3153 mitiani
289 3090 418 3162 taxant,
431 3091 465 3148 et
478 3083 633 3149 Paridem
646 3089 760 3169 aperte
782 3083 960 3159 nominant,
976 3089 1011 3146 et
1028 3080 1162 3146 nimium
1183 3080 1255 3165 ejus

147 3186 329 3271 potentiam
342 3194 467 3255 notant.
512 3187 606 3253 Nihil
619 3207 699 3271 ergo
711 3182 982 3271 isticflgarotum,
999 3184 1029 3247 si
1052 3184 1255 3268 temporibus

149 3287 345 3368 Domitiani,
361 3289 451 3374 quod
465 3290 590 3355 dictum
604 3294 665 3369 est,
680 3291 769 3355 sicut
781 3294 871 3354 recte
888 3287 1051 3365 convenit,
1067 3292 1099 3351 et
1117 3305 1256 3371 expres·

148 3410 225 3465 eum
249 3397 311 3470 eet,
327 3393 625 3458 accommodemus.
670 3392 738 3456 Sed
753 3395 784 3457 si
802 3393 838 3455 ia
854 3409 1026 3475 personam
1039 3389 1170 3453 Paridis
1184 3382 1257 3453 dic·

147 3498 193 3571 ta,
208 3499 243 3561 et
256 3495 292 3558 in
306 3494 487 3560 Domitiani
501 3495 674 3580 imperium
687 3494 825 3571 directe,
835 3493 934 3557 tacite
946 3493 982 3555 in
994 3489 1165 3555 historiam
1180 3488 1255 3560 Ha·

150 3597 268 3675 driani,
284 3604 318 3663 et
331 3598 375 3663 ad
388 3604 538 3680 tempora
562 3598 636 3681 ejus
660 3596 828 3680 culpanda
841 3599 1064 3678 torqueantur,
1089 3597 1158 3656 tum
1172 3591 1254 3676 figu-

147 3703 232 3765 ratae
248 3701 407 3764 orationis
421 3705 454 3765 et
472 3699 652 3764 notationis
675 3700 779 3762 instar
805 3695 840 3759 id
859 3694 1029 3760 obtinebit.
1076 3684 1205 3757 Etenim
1212 3693 1255 3757 fi-

149 3822 232 3889 gura
249 3807 313 3881 est,
329 3823 405 3868 cum
420 3802 484 3866 sub
498 3801 633 3870 alterius
647 3819 802 3885 persona,
821 3817 919 3882 quem
931 3797 1150 3873 nominamus,
1172 3797 1254 3860 alte·

149 3924 224 3987 rum
238 3925 336 3989 aeque
349 3905 518 3991 uitiosum,
527 3905 587 3990 qui
595 3906 643 3970 ita
652 3903 852 3986 designatur,
861 3899 1045 3965 utauditori
1054 3899 1254 3981 relinquatur

149 4006 374 4086 inveniendus,
387 4007 576 4091 fatigamus.
620 4007 677 4073 Sic
701 4005 724 4071 J
727 4004 875 4070 uvenalis
895 4003 959 4068 sub
976 4003 1105 4067 nomine
1121 3999 1254 4064 Paridis

151 4109 335 4185 Domitiani
358 4109 561 4177 Pantnmimi
590 4127 725 4194 carpere
767 4126 808 4172 ac
836 4109 950 4172 nobue
977 4103 1114 4187 figurate
1147 4101 1254 4168 voluit

148 4211 329 4286 Hadriani,
349 4212 543 4305 imperium
586 4213 649 4283 sub
687 4229 756 4297 quo
795 4213 829 4276 et
858 4210 978 4293 potens
1010 4224 1106 4291 aeque
1138 4202 1254 4270 histrio

218 4328 307 4394 nepa
318 4333 343 4380 a
357 4329 415 4380 Ver.
433 4329 498 4380 csse
729 4324 788 4378 dua
1166 4323 1189 4374 C
