3059 4925
601 347 827 399 sovusnms.
1230 335 1274 402 ³1

162 504 289 567 motum
306 495 422 563 fuisso.
465 495 687 580 Qucutibus
712 495 778 564 hoc
801 496 908 581 magis
930 497 1135 581 probabitm.
1178 498 1266 566 Cum

161 602 287 669 Satiroe
310 597 475 667 faciendus
499 599 686 683 auspicium
706 596 858 664 duxisset
872 619 894 663 u
909 597 1032 665 Paride
1045 600 1268 682 Pantomimo,

159 725 258 791 gemas
277 701 334 767 loc
355 699 465 785 scripti
489 705 608 786 postca
630 697 764 764 studiose
778 696 941 764 excoluisse
953 707 1123 770 memorat
1167 702 1270 783 Quod

162 807 313 873 facturus
325 823 393 871 non
404 803 479 881 fuit,
490 802 521 867 si
534 820 670 887 poenam
678 802 907 887 potiusquam
922 802 1060 885 gloriam
1074 806 1109 868 iu
1117 807 1271 889 auspicio

163 909 356 994 scriptionis
368 911 490 971 nactus
511 910 612 974 essct.
657 903 768 969 Nemo
786 922 888 969 sanus
913 905 1005 989 qnod
1028 908 1128 972 semel
1146 910 1270 989 nocuit,

162 1016 257 1077 mutu
277 1009 438 1074 industrio
459 1006 598 1073 excolit.
642 1004 813 1091 Sequitur:
848 1017 877 1070 ee
899 1007 1080 1073 comesdin
1101 1030 1139 1075 ne
1152 1009 1271 1077 modico

163 1111 288 1202 quidem
308 1111 463 1176 callario
482 1109 649 1197 quicquam
670 1109 861 1176 committere
883 1122 925 1175 ese
948 1133 1051 1178 ansus.
1096 1112 1185 1197 Ergo
1201 1113 1272 1180 Ro·

162 1236 230 1284 msc
243 1216 301 1282 diu
314 1215 402 1281 vixit
414 1214 593 1299 postillam
607 1213 750 1297 primum
764 1215 911 1295 mtiram,
925 1216 1129 1301 multumque
1142 1221 1270 1301 ternpo-

163 1320 213 1386 ris
227 1318 318 1384 dedit
339 1315 552 1402 procudenda
571 1317 704 1399 ingenio
724 1318 758 1381 in
782 1317 841 1382 illo
868 1318 985 1402 scripu‘
1010 1339 1138 1401 genere,
1163 1321 1271 1404 prins·

163 1440 263 1506 quam
278 1420 460 1506 quicquam
480 1417 647 1484 auditorio
669 1420 897 1498 committeret,
911 1418 976 1485 noc
996 1430 1061 1500 cst,
1075 1424 1271 1508 priusquam

162 1522 298 1606 publica
311 1523 475 1587 tacitam.
521 1516 614 1599 Mae,
624 1520 742 1605 inquit,
765 1541 880 1606 mogun
884 1517 1084 1608 frequentia,
1100 1543 1272 1611 magnoque

161 1644 297 1688 successu
311 1621 357 1686 bis
366 1644 404 1686 ac
418 1631 464 1686 ter
478 1620 605 1686 auditas
619 1630 674 1700 est,
685 1631 719 1686 nt
731 1644 768 1687 ea
782 1641 912 1710 qnoque,
930 1646 994 1711 qne
1014 1626 1118 1710 primo
1132 1625 1271 1712 fecerat,

161 1723 323 1812 iffoctree
338 1725 424 1790 nocis
440 1723 575 1809 scriptis.
619 1724 753 1810 Scripta
777 1745 841 1792 sna
862 1733 933 1793 tum
953 1729 1106 1796 recitavit
1127 1730 1271 1814 publica,

160 1830 228 1895 noc
241 1835 304 1907 ast,
329 1831 448 1895 satiras
463 1828 553 1908 illus,
568 1846 647 1912 quoe
666 1827 767 1894 hodio
781 1833 906 1907 extum,
920 1830 1042 1914 quibus
1056 1832 1156 1896 etiam
1166 1851 1209 1897 oa
1222 1833 1271 1896 in·

162 1935 310 2000 seruisse
333 1932 426 2012 dicit,
450 1952 527 2018 quae
551 1932 663 2017 prima
683 1930 827 1998 fecorat:
862 1937 895 1997 ot
916 1932 1052 2019 subjicit
1072 1940 1189 2001 auctor
1209 1936 1271 2000 hos

160 2055 296 2103 vassus:

155 2194 162 2210 '
252 2184 347 2256 Quod
359 2210 420 2254 aaa
435 2187 513 2253 dant
524 2208 675 2274 proceres,
690 2185 779 2252 dabie
795 2185 924 2255 histrio.-
945 2198 979 2252 tn
994 2185 1183 2268 Camerinos,

251 2290 299 2356 Et
316 2291 448 2375 Bareas,
462 2304 496 2357 tu
513 2292 793 2379 nobilinm'magaa
809 2292 896 2357 altio
910 2314 1020 2357 caras:

252 2394 422 2485 Profectus
438 2393 575 2483 Pelopea
577 2393 681 2483 jacit,
700 2392 878 2459 Philomela
897 2392 1061 2461 Tribunos.
1129 2401 1132 2406 “

161 2564 255 2630 Ilico
267 2564 367 2648 igitur
380 2563 423 2628 do
442 2563 511 2628 illis
522 2566 609 2640 suut,
623 2581 700 2646 qum
715 2561 752 2626 in
764 2561 872 2647 primo
885 2561 997 2628 Satira
1021 2567 1189 2647 posuerat,
1211 2560 1270 2629 ad·

159 2686 278 2733 vorsus
291 2666 449 2733 Paridem
463 2666 664 2748 composita,
677 2684 754 2730 cum
770 2666 860 2744 aliis,
874 2685 951 2750 quac
968 2664 1010 2729 dc
1021 2662 1132 2750 politis
1145 2672 1180 2732 et
1194 2666 1269 2733 Sta·

157 2772 209 2836 tio
222 2769 363 2853 Agaron
376 2788 472 2835 sunm
486 2768 600 2833 Paridi
613 2768 776 2834 vendente
792 2769 954 2852 legantur,
978 2786 1063 2832 nnnc
1075 2766 1187 2833 Satira
1202 2786 1268 2835 vn.

159 2873 218 2939 cui
231 2871 352 2937 intuita
371 2876 450 2937 sunt
469 2870 513 2935 ab
526 2875 673 2949 auctora,
688 2889 755 2954 quo
769 2876 916 2954 tempore
937 2870 1063 2953 scripta
1075 2888 1138 2934 sua
1150 2870 1269 2935 rasita-

146 2974 387 3047 rvitctsdidit.
431 2972 560 3039 Positis
584 2972 637 3037 his
657 2973 805 3037 versibus
828 2973 973 3037 annectit
995 2972 1173 3036 Suetonius
1195 2972 1269 3037 haec

159 3078 279 3145 verba:
304 3074 385 3141 Erat
401 3086 467 3141 tam
480 3076 513 3140 ia
524 3073 644 3141 deliciis
652 3072 733 3140 aute
742 3073 863 3153 histrio,
872 3072 1023 3160 multique
1024 3071 1271 3161 scotorumque

159 3177 298 3267 qnotidie
305 3177 576 3264 provehebantur:
608 3178 694 3243 oeait
721 3199 794 3263 ergo
819 3174 985 3242 luvenalis
1005 3176 1038 3240 ia
1059 3174 1269 3262 suspicionem,

160 3283 251 3369 qnasi
265 3279 551 3369 temporofignrote
565 3291 719 3348 notasset:
742 3279 900 3346 aestatim
910 3301 969 3369 per
980 3281 1124 3348 honorem
1138 3276 1269 3358 milleio,

160 3409 340 3476 quanquam
349 3386 575 3476 octogenarios,
592 3383 677 3452 Urbe
691 3397 867 3465 summotus,
877 3385 1042 3470 missusque
1054 3380 1097 3448 od
1107 3380 1270 3470 prosecta·

162 3511 230 3554 ram
246 3487 377 3557 cohortis
393 3491 427 3555 in
443 3500 578 3556 estrema
589 3500 684 3575 porte
698 3487 852 3554 tendentis
864 3485 1011 3572 AEgypte}
1044 3485 1085 3549 In
1098 3484 1152 3549 his
1167 3485 1269 3551 cardo

160 3594 208 3658 roi
222 3594 369 3672 vortitur,
381 3594 461 3678 quia
482 3613 526 3658 ox
547 3592 600 3657 his
613 3591 725 3659 verbis
746 3589 968 3659 hallucinandi
990 3604 1105 3653 ausum
1125 3585 1270 3670 arripue-

163 3700 238 3761 runt
252 3716 380 3774 omncs,
397 3697 454 3780 qui
478 3697 689 3783 scripserunt,
714 3693 910 3758 Juvenolem
934 3690 998 3755 snb
1021 3686 1215 3753 Domitiano
1235 3688 1270 3751 in

161 3798 301 3864 axilium
323 3798 468 3883 pulsum,
491 3797 580 3882 qnod
605 3796 798 3862 offendisset
823 3794 994 3872 Paridem,
1019 3797 1053 3859 ct
1086 3792 1120 3855 in
1147 3788 1269 3854 Paride

162 3896 403 3968 Domitianum.
444 3899 534 3965 Nam
550 3899 659 3965 ethos
675 3918 792 3965 versus
809 3898 850 3962 de
865 3896 989 3962 Poride
1002 3895 1146 3980 primum
1160 3891 1269 3956 factos

161 4022 236 4069 ossa
250 4007 393 4082 constat,
406 4007 586 4088 etproptsr
599 4004 660 4067 hos
674 4020 792 4067 vorsus
816 3999 881 4065 hoc
904 3997 982 4064 loco
1003 3996 1124 4062 diserto
1150 3991 1269 4059 scribit

162 4111 286 4185 auctor,
301 4105 394 4172 Urbs
407 4110 606 4172 summotum
627 4104 733 4170 fuisso
752 4100 962 4180 sareanen,
980 4099 1039 4185 qni
1053 4100 1088 4164 iu
1101 4093 1267 4178 suspicio·

154 4214 395 4289 uenrsnoat,
410 4210 509 4294 qussi
523 4209 659 4294 figurata
670 4213 823 4295 ¹tempora
838 4208 999 4271 taxasset.
1043 4198 1111 4266 Sed
1131 4217 1193 4263 nea
1214 4215 1269 4262 or·
