3059 4925
545 340 583 388 n.
604 334 710 389 suun
733 296 945 390 susumus

546 936 819 1042 suumn
851 926 948 1037 111.

198 1226 393 1335 Q'uuuvrs
407 1257 555 1341 digressu
568 1256 689 1322 veteris
707 1234 868 1321 confusus
881 1254 992 1334 amici,

199 1360 316 1427 Isaudo
327 1367 447 1441 tamen,
461 1361 580 1426 vacuis
594 1358 685 1443 quod
700 1358 811 1422 sedem
825 1357 923 1442 figere
938 1356 1053 1422 Gumis

200 1460 366 1565 Destinet,
381 1469 481 1549 atquc
494 1478 598 1528 unum
612 1460 721 1528 ciuem
734 1460 857 1526 donare
873 1459 1024 1546 Sibyllaes

235 1634 375 1700 Οωςιιω
388 1635 500 1686 mistus
509 1650 565 1685 sum
573 1635 675 1685 Messa
683 1633 776 1698 antiqui
788 1632 930 1695 soniturus,
945 1628 1177 1694 uibibmbrusprolo
1186 1631 1248 1693 prod
1263 1631 1305 1681 uo

202 1701 302 1750 aeveus
319 1700 463 1752 meiliuns
477 1706 580 1751 ηαυπτ
600 1700 672 1765 apud
684 1702 772 1749 Cumas
791 1701 880 1763 inanes,
900 1704 924 1749 ot
941 1698 1040 1762 Sibyllae
1058 1710 1130 1764 uuum
1148 1696 1205 1745 darc
1220 1694 1306 1745 dmm»

664 1826 766 1848 ΝΜΟ
769 1827 841 1848 uoto

235 1912 294 1960 bib
303 1909 390 1961 omissi
399 1910 427 1961 in
438 1910 529 1963 lta—‘2
538 1913 617 1963 sedes»
624 1928 709 1978 ponere
716 1915 799 1965 Cossis
805 1916 895 1964 roffio
913 1910 1028 1962 Destiaol
1037 1909 1079 1960 26.
1088 1906 1196 1973 rectius,
1203 1902 1306 1971 opinoss
1351 1904 1356 1911 “

701 2051 809 2110 Nom

237 2154 562 2226 recumbamus]
572 2163 735 2228 Fingirl‘oe-
771 2175 838 2230 rem,
854 2163 939 2230 iuquit
955 2163 1010 2227 ille,
1029 2175 1096 2211 suno
1108 2157 1214 2209 Domini
1224 2156 1308 2206 mitre

203 2239 233 2285 ta
251 2235 409 2286 Umbritium
432 2237 605 2303 Haruspicum
624 2242 735 2292 amicum
773 2240 839 2291 simo
848 2236 1052 2305 quingentesimo
1059 2233 1254 2301 quadragesimo
1262 2246 1308 2282 oc·

206 2325 281 2361 suum
292 2314 356 2362 urbe
375 2313 479 2377 cedere,
500 2320 541 2364 tot
559 2316 625 2365 vitia
642 2324 735 2380 pertre-
774 2323 846 2380 taso,
867 2315 979 2380 regionis
996 2313 1095 2377 peritos
1111 2309 1229 2361 mercede
1246 2322 1309 2358 con·

205 2400 272 2450 sum,
288 2393 316 2437 et
326 2389 434 2452 scelera,
445 2405 504 2455 quae
518 2391 609 2442 Romae
620 2407 736 2456 grassem
776 2393 846 2458 duxi,
856 2393 900 2457 qui
911 2390 1013 2454 Templi
1032 2389 1128 2450 locum,
1144 2392 1172 2436 et
1187 2385 1309 2449 formam,

204 2468 257 2526 ¹¹¹¹,
268 2472 296 2515 et
307 2465 333 2514 ill
344 2466 399 2515 dies
410 2474 525 2531 serpunt
772 2470 877 2537 ullaque
887 2471 972 2519 omnis
983 2471 1161 2528 narraverunt,
1177 2478 1235 2530 quc
1245 2461 1308 2514 Jus-

237 2546 255 2591 2
272 2543 364 2607 Gsmir]
379 2543 445 2594 Haec
461 2553 503 2594 est
514 2547 662 2611 campanie
672 2546 736 2597 urbs
774 2548 844 2597 tinas
854 2547 958 2610 Martyr
968 2545 1041 2594 anuis
1053 2549 1113 2593 ente
1124 2541 1194 2591 mille
1204 2546 1309 2590 trecen

206 2618 344 2680 maritime,
370 2634 422 2670 nou
444 2621 534 2684 procul
553 2622 678 2686 Puteolis,
699 2622 736 2672 Si·
776 2623 848 2673 iisse
863 2622 959 2673 uidisse
970 2619 1086 2685 scripsit,
1103 2618 1250 2683 priusquam
1267 2630 1310 2664 as·-

207 2695 286 2760 byllae
297 2703 372 2747 antro
387 2705 416 2760 et
425 2698 526 2749 Sscello
537 2700 643 2765 inclyta.
676 2701 736 2751 Hoc
777 2705 869 2749 cauum
879 2699 907 2748 id
918 2713 949 2748 ac
961 2697 1086 2761 templum
1096 2693 1219 2759 ingemui
1228 2698 1310 2742 terras

207 2786 237 2822 se
252 2771 347 2823 uidisse
365 2780 478 2824 testatur
491 2775 613 2825 »lustinus
623 2777 737 2841 Mastya,
776 2782 861 2825 motus
872 2774 994 2842 obrutum
1003 2779 1082 2823 esset.

207 2847 285 2898 Orat·
305 2849 437 2900 Parmuet.
458 2850 492 2899 sd
511 2851 629 2914 Graecos,
649 2853 737 2918 aitque
813 2849 910 2917 Vacuit]
923 2850 974 2901 Vel
990 2850 1052 2916 quia
1063 2849 1174 2899 deserte
1189 2846 1312 2897 uidentur

208 2923 362 2986 admiratum
372 2939 401 2974 se
411 2925 490 2977 fuisse
499 2928 634 2977 maximam
645 2929 738 2979 Basili·
778 2935 832 2993 puae
844 2929 970 2992 populosa
986 2926 1086 2977 Roma:
1105 2925 1148 2974 vel
1167 2923 1236 2990 quod
1253 2923 1310 2973 otio

210 3012 268 3049 cam
275 2999 421 3064 uno-lapide
430 3000 537 3051 incisum
545 3017 625 3066 opere
631 3004 737 3053 eximio:
778 3017 921 3069 magnaque
932 3002 1122 3067 tranquillitate
1133 3000 1252 3050 fruantur
1259 3000 1312 3051 eu·

209 3074 256 3124 ubi
274 3076 479 3127 ostendebantur
489 3078 572 3128 adbuc
590 3078 617 3128 in
634 3080 738 3144 Templi
778 3094 901 3144 mn‚prae
909 3093 1002 3143 magno
1013 3077 1101 3142 populi
1112 3076 1219 3127 fremitu
1228 3088 1259 3125 ac
1271 3081 1313 3126 tm

208 3151 294 3201 medio
305 3167 368 3201 vasa
377 3152 429 3201 ‘tria
440 3153 531 3202 eodem
543 3153 665 3218 inlepide
676 3155 739 3205 iuci-
779 3157 871 3217 multu,
880 3157 924 3221 qui
935 3161 975 3205 est
984 3154 1090 3214 Romae„

209 3240 248 3289 aa,
274 3226 366 3292 quibas
387 3240 454 3293 aqua
479 3231 587 3293 repletis
606 3231 742 3283 lavabatur
813 3237 828 3282 t
849 3233 927 3282 Usum
936 3231 1022 3295 duem]
1037 3230 1157 3295 Seipsum
1167 3242 1270 3292 nempe.

210 3302 319 3368 Sibylla,
341 3311 500 3371 acceptaque
519 3307 585 3356 stola
601 3309 742 3360 recedebat
812 3306 922 3373 Sibyllae]
940 3308 1047 3357 Fremat
1066 3305 1131 3356 licet
1152 3304 1314 3367 blondellus,

210 3379 237 3428 in
255 3379 440 3431 abditissimam
451 3383 508 3446 ejus
518 3384 617 3449 Templi
629 3391 740 3449 partem,
780 3384 896 3449 quamuis
915 3389 943 3433 et
961 3384 1044 3433 multa
1061 3382 1139 3432 docte
1157 3380 1260 3445 quidem
1280 3378 1315 3430 Ρ.

211 3458 344 3507 oraculum
362 3459 416 3508 illic
439 3460 550 3510 editura.
590 3461 740 3526 Ouupbrius
778 3458 917 3524 Simonias,
941 3459 1037 3524 aliique
1064 3456 1178 3519 Emditi,
1203 3456 1316 3506 nonita

211 3540 303 3599 postea
313 3536 432 3586 citandus
448 3537 592 3603 'subjungit
609 3537 698 3590 fanum
713 3541 742 3590 il.
781 3534 882 3598 pridem
899 3542 992 3585 contra
1008 3534 1121 3600 Sibyllae
1140 3533 1222 3584 moliti
1241 3533 1315 3594 sint;

211 3608 256 3658 lud
268 3611 413 3673 perstitisse
424 3611 457 3661 ad
474 3627 568 3662 aunum
580 3614 675 3664 Christi
685 3616 742 3665 mil·
780 3610 874 3661 bouem
896 3626 958 3661 saue
977 3626 1081 3661 caueam
1101 3617 1142 3661 tot
1161 3612 1315 3661 seculorum

211 3684 329 3734 lesimum
340 3686 570 3751 quingentesimum
581 3690 742 3753 trigesimum
782 3687 929 3737 testimonio
940 3686 1134 3751 comprobatam
1145 3687 1251 3751 egregie
1268 3700 1315 3736 nu-

212 3774 323 3811 uonum:
334 3777 385 3826 quo
396 3769 512 3827 tempore
523 3774 644 3828 quassata
654 3760 743 3829 iugen-
782 3778 831 3827 per
848 3777 1023 3828 propugnasse
1035 3763 1083 3813 risi
1096 3770 1156 3813 eunt
1167 3763 1316 3826 complures

212 3836 235 3887 ti
263 3841 341 3887 terre
360 3843 433 3886 motu
452 3838 602 3903 Campania,
625 3841 743 3890 Puteolis
781 3841 852 3891 haud
867 3838 995 3891 inferioris
1006 3842 1170 3903 litteraturae,
1186 3840 1316 3903 inprimis·

212 3911 381 3962 minutissimo
392 3914 499 3976 pulvere
508 3915 646 3980 ciuereque
656 3916 743 3966 emori
783 3931 834 3980 que
845 3916 961 3966 Isaacius
971 3915 1078 3965 Vossius
1089 3914 1177 3965 libello
1192 3916 1224 3965 de
1235 3913 1314 3979 Sibyl-

213 3996 346 4055 surgente,
357 3996 439 4041 totum
456 3991 520 4040 illud
531 4000 683 4057 coopertum
694 4000 743 4056 est,
783 3992 814 4042 le
825 3993 895 4041 Orac.
906 3991 1225 4043 oxoniaeeditoan.1oeo.
1243 3993 1315 4055 Ergo

213 4067 338 4132 collisque
350 4067 414 4118 satis
424 4068 510 4118 editus
523 4075 614 4119 enatus
631 4074 681 4133 est,
698 4069 744 4120 ubi
782 4069 894 4134 Sibyllae
904 4069 1031 4133 extitisse,
1040 4082 1071 4120 ae
1081 4069 1238 4119 vaticinatus
1248 4079 1316 4131 esse,

215 4141 318 4193 celebre
339 4143 426 4194 fuerat
446 4144 550 4209 Sibyllae
575 4146 689 4196 Fanum:
715 4151 744 4196 et
784 4151 1009 4207 maneatcertum‚
1025 4159 1084 4196 cum
1100 4142 1245 4211 eproiauis
1259 4149 1316 4195 tunt

215 4231 275 4269 uuas
285 4219 408 4272 Puteolos
419 4221 549 4289 Baiasque
561 4222 694 4289 profectus
705 4239 745 4276 es·
784 4222 892 4273 esacris
902 4219 1077 4274 Auctoribus:
1094 4223 1207 4288 dumque
1221 4219 1260 4272 illi
1276 4218 1314 4271 fa*
