3059 4925
638 359 779 411 sununs
803 360 828 409 ι.
896 362 901 371 ·
1218 343 1282 411 147

176 506 388 586 Quadrivio't
410 531 486 575 cum
495 506 574 594 jam‘
584 514 681 573 sexta
695 508 825 573 cervice
838 502 959 571 seratur

180 610 272 676 Hinc
285 618 386 697 atque
400 613 476 677 inde
490 620 619 697 putem,
634 612 781 677 ac'nuda
795 630 892 695 paene
906 602 1074 686 cathedra,
1237 608 1282 674 65

169 826 238 876 illiso
254 830 278 876 et
297 828 385 878 iatine
399 843 524 893 appareas,
542 833 612 892 atque
628 828 686 876 sellu
700 841 772 889 prope
787 827 906 875 Msdato
932 840 1019 875 necnon
1042 841 1181 890 magnopere
1194 842 1282 894 repom

174 1101 207 1147 ns
225 1097 361 1155 manno
378 1088 1116 1150 is.1n.1r.nu.-n⁵ermaa1s.-nu'nlecmnue.no.
1151 1100 1282 1151 Meamne

671 1251 783 1304 NOTAE

174 1356 331 1400 oecurrente
338 1349 419 1414 justa
434 1349 617 1416 indignationis
627 1357 655 1401 et
665 1351 711 1400 Sa·
752 1349 801 1398 nice
816 1347 928 1413 regibus,
944 1348 1041 1398 lectica
1058 1349 1201 1413 octaphoro
1216 1348 1282 1400 sere·

174 1425 231 1475 tina
253 1427 371 1486 materia,
390 1426 416 1475 in
438 1428 532 1491 plateis
553 1442 600 1491 per
620 1427 710 1479 urbem
751 1426 847 1490 batur‚’
865 1426 960 1491 inquit,
976 1428 983 1453 ‘
998 1426 1284 1491 inquaeratpulviuns

171 1500 323 1552 ambulanti
339 1503 408 1554 mibi.
425 1505 484 1565 Vel,
503 1505 529 1553 in
547 1504 605 1568 ipso
617 1506 709 1569 populi
751 1501 1093 1566 pellucidus,rosafartus.’
1120 1501 1284 1567 Atquodnd

174 1580 287 1628 tumultu
306 1579 401 1643 medio,
419 1581 445 1629 in
462 1580 613 1646 quadriviis,
629 1580 708 1630 facile
750 1594 806 1629 rem
824 1585 980 1643 praesentem
998 1580 1079 1643 magis
1098 1578 1171 1643 facit,
1187 1580 1285 1644 duplex

173 1653 274 1703 Salinas
286 1654 406 1717 scribam,
417 1669 465 1705 nec
477 1656 555 1705 animi
567 1656 709 1721 tranquilli·
749 1661 807 1705 erat
826 1656 936 1705 lectica:
957 1656 1042 1705 altera
1062 1665 1163 1720 aperta,
1183 1658 1215 1706 de
1233 1672 1285 1722 qua

175 1737 257 1781 tatem
273 1737 302 1780 et
320 1745 450 1780 secessum
469 1732 581 1796 requiro,
599 1742 629 1781 ut
645 1733 708 1781 alias
748 1732 792 1783 hic
808 1732 958 1793 ,luvenalis3
991 1734 1075 1782 altera
1096 1739 1176 1794 tecta,
1194 1742 1287 1783 contra

174 1804 231 1856 lieri
241 1807 318 1869 solet,
329 1807 394 1855 adeo
411 1807 517 1871 eopiosa
527 1822 601 1872 seges
618 1816 669 1870 est,
681 1816 710 1858 et
748 1808 857 1874 injurias
870 1809 945 1872 airis,
957 1817 984 1859 et
999 1809 1129 1859 bominum
1140 1820 1285 1874 aspectum.

171 1883 244 1948 justa
253 1883 395 1947 indignatio
404 1884 485 1934 verba
495 1890 620 1935 etversus
631 1886 710 1935 abnn-
750 1886 827 1936 Hanc
837 1887 937 1936 Plinius
945 1900 1054 1937 xxxvii.
1066 1891 1090 1937 2.
1101 1887 1230 1937 cubiculum
1236 1888 1286 1937 cin·

175 1959 403 2024 dantersuggerit.
750 1966 838 2015 lorium
862 1972 955 2026 uocat3
983 1967 1088 2030 loquens
1111 1965 1143 2014 de
1172 1967 1298 2027 Nerone„

209 2039 285 2087 Ceras
303 2037 401 2101 implere
421 2039 529 2103 capaces]
559 2039 654 2090 Libros
674 2039 711 2089 in·
751 2043 889 2108 ‘Sceptra,
901 2057 1033 2107 personas,
1048 2048 1075 2091 et
1093 2041 1211 2093 cubicula
1235 2042 1287 2090 vin-

176 2113 403 2177 tegrosimplere,
423 2130 470 2164 seu
489 2117 588 2179 amplas
608 2116 710 2166 tabulas
751 2119 970 2169 toriaunionibns
991 2117 1176 2179 construebat'
1193 2117 1286 2182 inquit.

175 2197 288 2253 ceratas,
299 2190 324 2239 iu
332 2191 425 2255 quibus
433 2191 541 2258 Antiqui
550 2193 710 2255 scribebant,
752 2198 788 2246 Et
798 2197 906 2247 Sueton.
925 2196 1020 2247 Octav.
1041 2210 1065 2245 c.
1083 2199 1123 2245 78.
1136 2200 1224 2243 narrat
1235 2193 1288 2243 Au·

176 2273 206 2316 nt
217 2267 295 2316 docet
305 2268 466 2329 Priscianus,
477 2270 565 2319 etalii.
582 2271 624 2319 De
633 2284 712 2319 mem·
752 2281 936 2338 gustum,cu1n
948 2287 996 2337 per
1008 2270 1078 2322 vicos
1095 2260 1288 2335 deportaretur,

176 2343 262 2393 branis
272 2351 300 2415 et
310 2358 411 2408 papyro
424 2345 492 2394 Plin.
503 2359 566 2394 xus.
579 2351 618 2397 ll.
627 2354 654 2397 et
666 2351 704 2396 lu.
753 2350 836 2400 somni
854 2348 1023 2413 indigentem,
1046 2347 1167 2412 deposita
1185 2346 1290 2408 lectica,

180 2419 183 2429 '
207 2425 240 2472 64
263 2421 406 2487 Quadrios'o]
434 2422 517 2473 Locus
536 2429 576 2473 est
593 2423 712 2488 publicus
752 2426 885 2478 interdum
908 2440 954 2490 per
975 2426 1073 2490 aliquas
1093 2437 1176 2476 moras
1197 2422 1290 2473 dormi-

175 2500 202 2552 in
212 2515 290 2566 quem
301 2500 351 2549 vin
363 2506 474 2565 quatuor
485 2510 653 2553 coneurmnt.
752 2503 829 2552 visse.
859 2502 923 2554 Erat
935 2515 1014 2566 porro
1028 2499 1125 2552 lectica
1141 2505 1213 2549 tecta
1232 2501 1289 2549 selo

210 2576 329 2637 Carnium
336 2580 406 2625 sextu
415 2577 504 2627 semim
510 2576 620 2644 fernim]
647 2579 713 2629 Cum
752 2584 782 2629 et
792 2579 861 2643 pelle
873 2577 981 2638 munita,
990 2575 1100 2640 plagulis
1116 2575 1149 2625 ud
1161 2573 1297 2624 fenestras-

176 2652 290 2717 snperbe
316 2652 430 2717 incedat,
454 2660 483 2704 et
503 2655 613 2705 vehatur
637 2656 715 2704 bexa-
753 2655 888 2721 appositis,
896 2668 960 2719 quas
968 2650 1219 2703 removerelaserat
1231 2666 1290 2701 cuni

176 2730 268 2794 pboro,
277 2744 323 2779 sen
335 2730 431 2781 lectica
442 2745 488 2781 sex
499 2730 601 2783 famulis
612 2740 715 2797 gestata
754 2734 854 2785 libebat
864 2734 1014 2799 prospicere
1027 2731 1136 2784 volenti,
1161 2731 1240 2780 Patet
1257 2745 1290 2780 ex

176 2809 253 2858 bomo
274 2807 425 2872 flagitiosus,
453 2817 482 2860 et
498 2811 555 2875 jam
574 2810 712 2873 delicatus,
753 2807 1291 2862 Sueton.‘1'lt.c.10.‘Cumlecticatrans

176 2884 220 2950 qui
249 2898 349 2948 pauper
376 2885 436 2934 olim
460 2892 488 2934 et
513 2886 629 2950 abjectus
646 2893 712 2938 erat.
753 2886 876 2951 serretur,
902 2885 1023 2949 suspexit
1050 2883 1153 2934 dimotis
1179 2883 1291 2947 plagulis

177 2960 244 3013 Quis
255 2974 319 3010 vero
335 2961 395 3010 illei
419 2959 462 3011 An
474 2961 624 3026 ligellinns,
635 2978 651 3011 a
662 2977 714 3028 quo
755 2961 866 3012 coelum!
898 2961 934 3010 Et
946 2959 1062 3011 Martini.
1081 2960 1099 3009 l.
1111 2973 1145 3010 ιι.
1161 2960 1237 3024 Epig.
1250 2963 1291 3009 99.

178 3033 300 3085 feruntur
318 3037 403 3102 patmi
420 3043 473 3088 tres
491 3053 592 3088 veneno
607 3038 715 3103 sublati,
754 3040 881 3090 ‘Lectica
898 3052 946 3089 nee
965 3044 992 3088 te
1010 3044 1069 3092 tuta
1082 3038 1295 3110 pellendosque,

178 3119 304 3177 corrupta
322 3114 425 3164 illorum
444 3121 612 3178 testamenta,
627 3123 655 3165 et
672 3129 715 3165 oe·
755 3116 814 3172 Nec
830 3113 973 3165 vindicabit
991 3114 1058 3164 cella
1073 3112 1169 3177 saepius
1185 3113 1293 3168 clausa!

178 3196 276 3253 cupata
293 3189 456 3239 hareditas?
478 3189 522 3241 An
541 3191 580 3240 Μ.
599 3191 714 3255 Regulus
755 3189 875 3256 Aufidius
892 3191 988 3241 Bassus
1006 3191 1039 3241 de
1060 3196 1146 3241 morte
1157 3189 1294 3243 Ciceronis

178 3265 301 3330 bipedum
313 3266 492 3332 nequissimus,
507 3271 538 3315 ut
552 3266 652 3317 Plinius
670 3268 716 3328 ait,
756 3271 783 3319 in
806 3269 902 3318 lectica
923 3273 996 3318 tecta
1015 3266 1161 3330 interfecti,
1181 3268 1294 3318 ‘Cicero

178 3341 321 3392 condendis
332 3341 406 3391 falsis
418 3342 512 3392 tabulis
521 3348 549 3391 et
561 3343 717 3394 testimoniis
757 3344 862 3410 paulum
874 3351 974 3394 remoto
985 3344 1055 3407 uelo,
1066 3343 1156 3395 videns
1170 3352 1294 3404 armatos,

178 3417 305 3481 famosum
325 3421 368 3485 qni
386 3435 420 3469 ex
435 3435 552 3485 paupere
562 3427 591 3471 et
600 3423 673 3471 tenni
684 3422 717 3472 ad
759 3423 816 3486 Ego
837 3436 897 3474 vero
915 3421 1038 3482 consisto,
1058 3419 1110 3470 ait:
1129 3421 1227 3471 accede
1244 3421 1296 3469 Ve·

179 3511 286 3561 magnas
309 3511 372 3560 opes
395 3511 444 3561 per
463 3495 565 3562 flagitia
583 3498 721 3563 processit,
760 3504 861 3563 terane,
872 3506 908 3548 et
918 3500 940 3548 sl
956 3499 1005 3549 boc
1024 3504 1100 3562 potes
1118 3499 1211 3547 saltem
1222 3505 1295 3547 recte

180 3576 228 3626 &c
238 3572 309 3622 Plin.
331 3574 393 3624 Ι.ιι.
405 3574 454 3638 Ep.
466 3577 506 3624 2⁰.
761 3574 859 3638 iacere,
878 3574 964 3628 incide
981 3574 1130 3626 cervicem)
1158 3563 1224 3624 Haec
1243 3574 1296 3624 ille.

212 3658 243 3703 65
266 3651 334 3699 Hinc
343 3651 582 3718 apsendepolm]
617 3652 718 3716 Aperta
762 3651 871 3702 Lectica
882 3651 1078 3716 qmvehebstur
1083 3650 1296 3716 jacebatmpul

181 3744 213 3782 ex
236 3737 349 3794 utroque
364 3730 448 3779 latere
465 3730 571 3793 lectica,
591 3744 619 3780 se
634 3735 719 3779 osten·
759 3744 819 3780 vino
831 3742 975 3792 resupinus
1009 3728 1090 3778 Patet
1101 3743 1134 3778 ex
1148 3729 1207 3778 loco
1223 3728 1298 3778 Cice·

181 3815 247 3860 tuns.
270 3808 331 3856 Non
342 3806 444 3870 pigebit
455 3806 537 3856 multa
546 3807 588 3857 luc
600 3806 634 3857 de
646 3807 720 3856 lectt·
760 3819 830 3855 roms
842 3805 986 3854 investem
995 3804 1086 3855 citato.
1106 3804 1175 3855 Item
1186 3802 1286 3853 ovidi
1277 3817 1297 3853 1.

182 3899 214 3935 ca
224 3884 366 3934 observare
383 3897 441 3933 enm
452 3883 555 3933 erudito
566 3884 643 3935 Justn
660 3882 720 3947 Lip·
760 3882 794 3932 dc
806 3881 883 3932 Arte.
906 3881 1032 3932 ‘Interea
1044 3882 1097 3932 sive
1115 3882 1160 3931 illa
1170 3882 1245 3931 tboro
1257 3895 1296 3929 ue-

181 3960 229 4023 sio,
237 3960 391 4009 Electorum
404 3972 422 4009 1.
434 3963 473 4009 19.
486 3958 566 4008 Mitto
575 3958 644 4024 quod
653 3973 720 4008 mor·
759 3960 852 4024 supina
860 3958 970 4019 leretur,
981 3960 1114 4010 Lecticam
1125 3958 1234 4008 domium
1246 3958 1297 4008 dis·

182 4037 233 4086 tnis
255 4050 331 4099 oeque
348 4049 379 4085 ae
401 4034 467 4084 visis
490 4033 604 4085 serendis
624 4035 652 4084 in
670 4050 720 4083 usu
760 4037 913 4088 simulanter
933 4035 995 4086 adi!
1034 4035 1168 4086 Lecticsm
1186 4035 1234 4084 soli
1255 4035 1297 4084 lio·

182 4113 279 4165 luerit:
300 4112 419 4178 quodque
438 4110 584 4162 videatnre
598 4112 718 4175 Bithynis
759 4112 842 4163 mines
862 4113 1002 4178 portabant
1018 4113 1063 4178 qui
1082 4112 1210 4162 lecticarii
1228 4114 1297 4162 serni

184 4198 230 4241 aut
251 4189 452 4255 Cappadocibus
476 4190 570 4253 petita.
603 4189 670 4237 Tull.
689 4188 717 4237 in
757 4189 929 4240 dicebantur:
950 4204 1080 4253 nunquam
1095 4203 1157 4238 uero
1168 4188 1299 4254 jumenta.

183 4267 293 4317 Verrem
305 4272 329 4316 5.
352 4265 440 4317 ‘Nam
451 4272 481 4315 nt
496 4280 552 4316 mos
568 4263 617 4315 suit
627 4265 718 4330 Bithy·
756 4268 834 4320 Unde
845 4271 936 4324 laeuam
956 4276 1068 4320 mentem
1083 4274 1110 4317 et
1129 4267 1248 4333 supinum
1259 4282 1311 4320 ct«
