3059 4925
707 471 712 483 ἱ
777 413 864 470 vira
919 427 928 465 a

511 700 676 808 VITA
728 699 1129 783 JUVENALIS

362 904 467 970 quam
480 884 693 969 persequitur
708 883 925 948 Dodwell.''in
938 878 1059 951 Annal
1074 885 1270 964 Quintilian.
1399 875 1404 886 ’

665 1013 683 1096 5
700 1027 975 1077 xxxvrr—-xor,

267 1176 504 1254 Juvnunuuiu
519 1183 696 1268 scripsisse
719 1189 796 1250 ante
814 1183 964 1250 'Plinium
990 1187 1053 1250 sub
1076 1185 1274 1251 Domitiano
1295 1192 1329 1251 et
1350 1205 1373 1252 a

269 1286 391 1352 Paride
406 1292 518 1351 actum
532 1286 652 1352 esseio
666 1286 816 1363 exilium,
831 1292 965 1368 recepta
987 1292 1048 1365 cst,
1062 1289 1161 1353 etiam
1184 1290 1273 1371 apud
1289 1286 1373 1352 Em»

268 1489 385 1558 carolem
400 1492 492 1556 illum
507 1491 654 1576 appellet
665 1490 826 1556 Sidonius
841 1488 1059 1574 Apollinaris.
1079 1490 1205 1569 (Garm.
1215 1509 1272 1557 rx.
1281 1494 1372 1572 270.)

266 1591 395 1658 Iratam
409 1594 504 1658 illum
518 1592 695 1657 histrionem
710 1590 862 1656 Paridem
876 1594 1068 1675 intelligunt,
1084 1599 1117 1659 et
1127 1595 1260 1679 quidem
1268 1605 1372 1679 poste.

267 1696 380 1762 riorem
392 1697 487 1761 illum
497 1693 658 1773 Paridem,
672 1703 807 1780 propter
818 1694 1014 1759 adulterium
1028 1716 1103 1760 cum
1118 1697 1268 1763 Domitia
1281 1700 1372 1762 ocoi·

268 1819 342 1863 sum
357 1819 378 1862 a
392 1799 596 1863 Domitiano.
640 1795 697 1862 Ab
718 1797 778 1862 illo
801 1796 938 1861 credunt
956 1796 1092 1877 Paride,
1107 1805 1244 1882 propter
1254 1786 1374 1883 paucor'

267 1902 429 1985 quosdam
451 1901 582 1978 Satirae,
597 1901 720 1985 quibus
742 1900 834 1963 illum
856 1901 1090 1981 perstrinxerit,
1113 1919 1214 1968 aereus
1239 1904 1372 1985 pulsum

266 2004 371 2082 fuisse
394 2005 429 2067 in
453 2004 591 2068 exilium
612 2004 822 2079 Juvenalem,
846 2002 970 2065 raissam
994 2004 1150 2068 nimirum
1170 2026 1228 2088 per
1243 2006 1373 2089 speciem

266 2104 392 2170 honoris
416 2106 460 2172 ad
485 2105 702 2194 prefecturam
727 2105 860 2170 cohortis
887 2106 921 2167 r'u
945 2117 1079 2171 extrema
1102 2118 1199 2192 parte
1223 2106 1374 2172 tendentis

266 2207 421 2297 AEgyptir
443 2209 520 2274 inde
548 2228 716 2293 nunquam
742 2206 875 2286 rediisse,
904 2197 1018 2274 verum
1048 2208 1135 2273 intra
1164 2209 1373 2275 brevissimam

135 2369 139 2376 ,
266 2320 386 2394 ‚tempas
398 2332 515 2397 angore
528 2321 557 2374 et
572 2309 661 2374 ladio
675 2309 812 2393 periisse,
855 2311 945 2377 Haec
962 2313 994 2375 si
1008 2329 1086 2377 vera
1100 2319 1222 2391 essent,
1237 2303 1287 2378 sic
1301 2323 1374 2380 erate

269 2411 430 2501 repudium
449 2409 609 2493 Domitia,
622 2435 691 2499 quo
706 2420 854 2500 ternpore
869 2414 969 2480 Paris
993 2417 1129 2481 occisus
1151 2421 1211 2496 est,
1227 2417 1375 2500 oportuit

267 2518 447 2603 scripsisse
461 2517 667 2583 iuvenalem.
711 2516 852 2602 Aliquot
866 2523 955 2582 certe
971 2519 1066 2582 annis
1081 2524 1158 2583 ante
1172 2519 1373 2585 consecratio-

268 2640 338 2687 nem
354 2618 461 2698 Julia,
476 2640 554 2705 quae
578 2639 663 2686 anno
678 2622 787 2705 periit,
800 2625 840 2685 ut
861 2621 1017 2699 vidimus,
1034 2622 1128 2686 AErae
1154 2629 1278 2687 nostrae
1293 2640 1372 2690 xci.

267 2723 380 2793 multis
396 2728 485 2789 certe
508 2727 584 2788 ante
605 2722 703 2786 linem
719 2722 904 2787 Domitiani
920 2724 1026 2800 annis,
1042 2725 1097 2787 cui
1116 2723 1203 2788 adeo
1224 2725 1300 2807 ipse
1323 2747 1374 2788 rus

265 2835 379 2910 persica
394 2844 547 2890 essenon
560 2826 679 2909 potuit.
709 2824 763 2902 Ita
773 2822 900 2909 periisse
913 2843 1050 2890 necesse
1064 2830 1147 2904 erat,
1161 2831 1256 2890 antea
1271 2847 1374 2912 quam

266 2930 429 3001 scriberet
443 2928 585 3006 Plinius,
600 2933 710 2992 tantas
723 2928 799 2992 illas
817 2925 1009 2994 Quintiliani
1022 2926 1161 2992 divitias.
1183 2927 1233 3013 (v.
1248 2929 1271 2993 J
1273 2951 1371 2996 uveni

268 3031 338 3097 Sat.
355 3049 424 3096 vrr.
437 3028 502 3097 188
518 3050 590 3114 sqq.
605 3029 682 3095 coll.
698 3050 775 3095 cum
788 3028 877 3094 Plin.
893 3029 959 3112 Ep.
975 3030 1107 3107 v1.32.)
1141 3028 1372 3109 Quotandem

268 3153 398 3217 quaeso,
412 3134 500 3198 illius
515 3129 649 3196 merito?
692 3130 771 3209 Quo
785 3134 888 3197 etiam
902 3129 1014 3213 infesto
1030 3130 1193 3216 Principe,
1208 3152 1285 3198 oum
1301 3134 1370 3198 Dm

238 3250 245 3259 “
267 3237 397 3306 mitiani
412 3236 516 3319 gratia
527 3240 615 3301 esset
632 3235 903 3307 florentissimusl
962 3234 1108 3300 Ubinam
1121 3256 1201 3318 argo
1215 3233 1373 3301 beatitudo

269 3340 341 3425 ejus
354 3340 424 3417 illa,
441 3358 542 3422 quam
560 3337 644 3422 adeo
669 3339 703 3402 in
726 3339 785 3401 illo
809 3338 988 3402 celebravit
1009 3338 1194 3422 discipulus
1217 3335 1373 3403 Plinius?

269 3440 395 3506 Mirum
409 3448 460 3506 ost
483 3440 647 3525 protecto,
671 3439 812 3503 nondum
838 3439 965 3504 vidisse
988 3438 1157 3518 Eruditos,
1183 3459 1283 3524 quam
1296 3442 1372 3506 haec

269 3542 381 3613 omnia
403 3544 514 3626 inepte
534 3541 887 3608 invicemcohaereant.
930 3539 1035 3625 Atqui
1060 3542 1143 3609 illud
1166 3544 1277 3625 ipsum
1299 3563 1372 3608 sus·

268 3653 398 3730 pectam
413 3646 496 3709 hanc
512 3645 705 3709 sententiam
728 3644 838 3708 facete
853 3645 970 3728 potuit,
992 3645 1084 3729 qnod
1098 3645 1195 3726 longe
1209 3646 1372 3714 verisimi-

267 3749 332 3813 lius
346 3752 397 3812 est
411 3769 430 3809 a
446 3746 573 3810 modicis
586 3748 653 3812 illis
657 3743 883 3832 facultatibus,
899 3765 985 3832 quas
995 3753 1155 3812 memorat
1170 3746 1311 3825 Plinius,
1327 3745 1372 3812 ad

268 3848 395 3913 divitias
419 3856 568 3915 nostrum
597 3855 747 3934 (quarum
775 3850 922 3915 meminit
949 3846 1138 3933 luvenalis)
1166 3848 1370 3930 ascendisse,

269 3971 370 4037 quam
383 3952 459 4017 vioe
478 3969 576 4016 versa
596 3951 689 4017 illum
704 3971 727 4016 a
740 3951 866 4015 divitiis
878 3951 922 4016 ad
935 3951 1086 4016 modicas
1098 3951 1273 4016 facultates
1286 3954 1370 4016 reci-

270 4053 377 4121 disse·
417 4053 471 4118 Ita
485 4057 572 4117 certa
596 4074 672 4118 cum
694 4053 783 4117 nullo
806 4072 941 4136 prorsus
955 4052 1077 4135 insigni
1090 4052 1264 4128 infortunio
1277 4058 1371 4118 nota·

268 4161 338 4220 tum
353 4157 569 4222 observarunt
577 4162 713 4221 veteres.

311 4257 380 4323 Sed
402 4259 476 4323 miri
504 4258 638 4324 suntin
664 4257 729 4324 hac
750 4258 906 4327 universa
929 4274 1032 4322 causa
1059 4263 1128 4323 tam
1152 4256 1370 4324 recentiormn
