3059 4925
611 346 819 396 rrnramo.
1226 335 1272 401 lo
1313 413 1317 420 ¹

165 499 209 567 ad
221 517 336 566 veram
348 497 535 577 lectionem,
552 498 650 585 cujus
672 501 817 584 vestigia
831 500 865 565 in
887 498 931 566 iis
951 500 1065 582 latent,
1079 502 1133 569 vel
1155 522 1270 569 emen·

165 603 243 669 dam
257 604 311 669 vel
326 601 596 668 confirmandam.
643 603 802 686 Denique
833 623 885 682 ea,
912 622 1013 686 quam
1036 610 1170 670 secutus
1184 626 1269 686 sum,

163 708 299 785 ratione,
327 706 526 771 brevissima
562 706 690 771 scilicet
718 707 885 770 notatione
914 708 1078 787 codicum,
1102 729 1186 791 quos
1206 727 1271 773 non

163 808 266 874 rnodo
279 808 452 891 designavi
462 807 625 890 'numeris
647 810 705 874 sed
727 810 838 888 etiam,
859 810 990 893 quoties
1013 811 1134 894 plures,
1157 811 1270 875 ordine

164 931 200 976 se
215 912 434 996 excipientes,
449 933 482 977 v.
500 933 530 978 c.
540 911 654 996 viginti
667 912 804 996 priores,
815 912 898 978 inter
912 933 948 977 se
963 915 1195 998 congruebant,
1206 914 1270 978 hac

162 1019 242 1078 uota
278 1014 368 1079 1-20.
419 1015 568 1095 laudavi,
614 1014 742 1080 efficere
781 1022 942 1100 poteram,
981 1022 1019 1080 ut
1054 1035 1161 1081 rerum
1187 1017 1271 1081 forte

162 1116 330 1181 inutilium
351 1118 439 1183 mole
462 1138 580 1202 paucae
602 1123 728 1184 tantum
750 1120 990 1203 complerentur
1011 1120 1171 1205 plagulae.
1216 1118 1272 1185 Ita

163 1221 341 1304 sperabam
355 1220 437 1299 fore,
452 1227 490 1286 ut
510 1240 575 1286 non
596 1221 696 1286 modo
717 1222 842 1300 multis,
866 1224 923 1306 qui
945 1242 1073 1287 onmem
1093 1222 1272 1287 lectionum

162 1321 359 1388 varietatem
391 1330 550 1407 cuperent
579 1329 756 1402 enotatam,
792 1326 873 1388 satis
900 1323 1053 1404 facerem,
1076 1324 1135 1388 sed
1164 1326 1206 1389 ab
1228 1324 1272 1389 iis

163 1444 310 1508 quoque,
320 1426 441 1508 quibus
459 1447 579 1510 magna
603 1428 728 1492 criticae
751 1429 870 1512 sylvae,
891 1447 978 1493 ame
1001 1432 1181 1510 congestae,
1194 1445 1272 1509 pars

162 1527 247 1590 nulli
270 1529 369 1610 plane
390 1530 467 1592 usui
489 1550 564 1595 esse
586 1530 759 1609 videretur,
783 1531 915 1596 reniam
937 1532 1158 1614 impetrarem,
1182 1526 1272 1613 quod

163 1627 244 1693 huic
258 1631 410 1712 periturae
429 1652 494 1695 non
516 1632 739 1717 pepercissem
753 1633 893 1715 chartae3
917 1638 1019 1715 utque
1032 1632 1116 1696 adeo
1132 1631 1272 1696 aliorum

95 1771 102 1786 ι
164 1733 305 1812 gratiam
319 1732 489 1816 diligentia
509 1740 542 1799 et
565 1735 687 1814 studio,
710 1736 849 1799 aliorum
862 1756 941 1802 vero
962 1755 1090 1799 summa
1110 1736 1271 1801 brevitate

164 1832 246 1896 mihi
262 1835 482 1901 conciliarem.

210 1934 251 2000 ln
276 1935 428 2001 codicum
452 1938 539 2004 Mss.
563 1945 596 2005 et
618 1939 798 2005 editionum
819 1940 929 2004 indice
951 1960 1003 2004 me
1025 1941 1107 2005 viris
1134 1939 1272 2004 eruditis

165 2036 302 2102 minime
317 2038 399 2101 satis
414 2039 545 2119 fecisse,
557 2041 657 2105 facile
671 2042 854 2124 praerideo.
898 2040 1101 2106 Accuratum
1123 2042 1272 2125 plenum·

166 2160 231 2223 que
252 2140 414 2225 ejusmodi
435 2162 604 2208 recensum
640 2145 801 2208 conficere
824 2145 1038 2208 utilissimum
1060 2144 1193 2227 quidem
1222 2147 1274 2206 est

165 2240 200 2304 in
222 2261 258 2305 re
291 2242 416 2321 critica,
440 2243 499 2307 sed
530 2243 758 2309 difficillimum
789 2265 922 2330 quoque
945 2266 984 2309 ac
1007 2246 1100 2310 taedii
1121 2245 1274 2329 plenissi-

164 2364 268 2423 mum,
283 2345 317 2408 in
337 2346 454 2429 primis
475 2348 509 2410 in
535 2347 708 2412 Juvenale.
755 2347 845 2412 Nam
867 2369 931 2412 non
956 2349 1029 2431 ipse
1051 2347 1151 2412 modo
1169 2345 1273 2431 poeta

165 2446 344 2513 innumeris
364 2448 399 2512 in
421 2449 630 2528 membranis
654 2470 731 2533 quae
753 2450 883 2533 passim
904 2452 938 2514 in
963 2449 1182 2527 bibliothecis
1205 2454 1273 2515 tam

166 2549 312 2632 publicis
334 2567 437 2634 quam
458 2552 609 2635 privatiS,
637 2557 819 2630 servantur,
848 2552 1045 2634 descriptae,
1070 2556 1104 2615 et
1135 2556 1273 2634 atypo·

165 2651 336 2736 graphicae
361 2653 437 2717 inde
457 2655 536 2718 artis
569 2654 757 2737 primordiis
780 2654 900 2738 quovis
930 2654 996 2717 fere
1019 2673 1115 2731 anno,
1138 2659 1171 2717 et
1191 2670 1273 2716 non·

165 2773 332 2840 nunquam
352 2756 406 2819 bis
420 2761 522 2834 terve,
534 2758 623 2841 typis
638 2777 816 2840 expressus
832 2763 900 2821 est:
924 2756 984 2819 sed
1006 2754 1151 2836 nondum
1172 2752 1273 2817 etiam

167 2856 329 2922 editorum
351 2859 528 2941 qnisquam
549 2859 613 2922 hoc
640 2860 671 2922 in
696 2879 731 2923 se
754 2859 880 2923 laboris
905 2857 1063 2939 suscepit,
1077 2862 1114 2920 ut
1139 2855 1211 2918 sive
1231 2853 1272 2917 de

167 2960 322 3024 codicum
343 2959 478 3038 Mss.,a
499 2980 535 3024 se
561 2961 635 3045 ipso
656 2961 711 3023 vel
737 2961 779 3023 ab
800 2960 875 3022 aliis
899 2958 1101 3031 collatorum,
1120 2955 1272 3038 quamvis

167 3080 362 3144 paucorum,
377 3065 484 3148 pretio
507 3068 606 3147 atque
622 3067 719 3127 aetate
734 3061 897 3147 judicium
919 3058 1038 3123 subtile
1053 3057 1159 3133 ferret,
1175 3060 1207 3119 et
1220 3057 1273 3120 vel

169 3184 213 3228 ex
228 3185 292 3229 uno
308 3187 436 3231 omnem
457 3167 636 3232 lectionum
651 3165 841 3228 varietatem
856 3165 1002 3239 notaret3
1025 3160 1096 3223 sive
1112 3159 1272 3224 editiones

169 3266 212 3331 od
233 3289 313 3333 usus
336 3271 467 3335 criticos
487 3274 563 3354 apte
584 3269 795 3345 describeret,
816 3268 973 3330 accurata
999 3261 1154 3338 omnium,
1185 3266 1273 3324 certe

166 3370 375 3452 antiquamm
389 3373 661 3455 optimorumque,
675 3367 923 3452 comparatione
939 3365 1100 3440 instituta,
1112 3363 1146 3425 in
1160 3381 1272 3427 eorum

169 3471 299 3535 ordines
328 3478 362 3536 et
391 3473 528 3550 clusere,
562 3477 737 3536 stemmata
770 3476 803 3533 et
830 3467 1056 3551 cognationes
1093 3466 1212 3548 stirpes
1240 3470 1274 3529 et

168 3570 312 3637 familias
326 3574 603 3658 vel-«propagines
619 3573 752 3636 solerter
774 3571 961 3654 inquireret,
985 3568 1166 3651 quantique
1189 3564 1273 3629 adeo

169 3679 297 3760 quaevis
311 3670 517 3753 aestimanda,
531 3677 651 3761 quidve
666 3695 710 3739 ex
725 3695 766 3741 ea
780 3675 834 3739 vel
849 3674 893 3738 ad
909 3673 1022 3748 crisin,
1038 3671 1093 3735 vel
1115 3670 1158 3733 ad
1174 3671 1273 3735 inter·

168 3781 387 3860 pretationem
398 3779 547 3862 praesidii
562 3777 810 3861 expectandum
825 3776 870 3839 sit
884 3780 916 3839 et
930 3772 1119 3858 petendum,
1135 3771 1273 3853 diligen·

168 3885 217 3945 ter
229 3882 457 3946 examinaret:
478 3889 579 3965 utque
595 3883 642 3945 ita
652 3885 763 3945 textus
776 3886 809 3944 et
826 3878 976 3943 lectionis
987 3875 1134 3958 vulgatae
1146 3872 1272 3955 justam

168 4002 270 4067 prope
284 3983 470 4062 historiam,
486 3991 594 4067 atque,
611 3990 646 4047 ut
668 3984 715 4046 ita
731 3981 854 4057 dicam,
870 3977 1096 4063 genealogiam
1118 3976 1273 4048 necteret,

170 4090 225 4148 aut
237 4090 282 4149 e‘x
296 4107 362 4170 quo
376 4085 465 4151 fonte
486 4106 528 4150 ea
541 4086 653 4164 dueta,
670 4102 845 4167 quousque
867 4097 1044 4166 progressa
1065 4079 1159 4150 esset,
1168 4091 1273 4157 quan·

169 4188 278 4274 doque
303 4209 436 4254 cursum
461 4192 632 4266 mutasset,
647 4182 917 4272 perscrutaretur.
963 4180 1077 4265 Opera
1101 4175 1272 4255 editorum,
