3059 4925
514 334 651 397 rnasrr,
675 335 722 384 nr
743 335 967 388 ruvnaanrs.
1224 323 1289 390 nr

184 480 348 547 honestati
362 483 525 549 contraria
538 481 630 560 fiant,
658 483 821 548 obscoena
839 501 929 561 vero,
952 503 1028 567 qnae
1042 503 1200 549 nauseam
1218 505 1290 551 mo-

185 589 297 662 veant,
313 584 356 648 ad
371 584 552 654 honestatis
566 588 599 647 et
613 584 744 648 decoris
760 585 828 650 vim
840 589 873 648 ct
888 575 1170 667 significationem,
1186 579 1288 670 quarn

185 675 324 774 singulae
340 693 457 753 aetates
471 686 680 782 constitutam
693 687 861 764 baberent,
872 691 906 750 et
921 685 965 750 ad
979 687 1117 771 politum
1132 681 1288 754 sensuum

180 787 347 871 judicium
369 788 644 870 humanitatisque
670 789 807 865 cultum,
833 806 899 870 quo
926 789 980 852 vel
1005 788 1154 855 destituti
1178 785 1289 858 essent

184 891 348 954 homines
360 891 413 956 vel
435 890 647 967 excellerent,
674 909 803 954 omnem
828 890 870 954 de
893 891 955 955 bac
974 910 1010 954 re
1033 891 1287 975 disputationem

184 1007 260 1055 esse
288 991 497 1055 referendam.
549 989 789 1056 Obscoenitatis
815 993 958 1057 enimet
983 992 1153 1058 dedecoris
1179 997 1288 1062 viset

184 1095 336 1177 potestas
349 1094 548 1171 hominibus,
561 1094 594 1156 in
610 1095 698 1176 agris
714 1094 884 1178 sylvisque
898 1087 1091 1174 errantibus,
1114 1098 1204 1161 nulla
1218 1097 1286 1163 fere
1373 1097 1383 1112 “

183 1193 269 1274 fuit3
295 1214 336 1258 ea
350 1200 490 1282 tantum,
502 1216 579 1279 quae
595 1198 755 1278 palatum,
777 1198 903 1275 oculos,
913 1217 1008 1261 nares
1020 1200 1107 1262 male
1120 1199 1286 1279 baberent,

183 1298 437 1362 removebantur
452 1318 470 1362 c
486 1305 679 1382 conspectu.
725 1298 944 1382 Congregatis
961 1319 1042 1365 vero
1054 1301 1240 1365 hominibus
1253 1307 1288 1367 et

184 1398 219 1461 in
233 1400 410 1463 societates
426 1401 586 1478 collectis,
601 1402 875 1483 matrimonioqne
887 1402 1078 1479 constituto,
1090 1402 1288 1469 verecundia

183 1501 316 1564 tandem
330 1507 410 1566 nata
421 1507 474 1566 'est
487 1508 521 1566 et
535 1502 655 1586 pudor,
670 1522 739 1585 quo
752 1503 796 1565 ab
810 1522 935 1580 eorum,
959 1522 1036 1587 quae
1051 1505 1187 1569 remotis
1201 1506 1287 1570 arbi·

182 1603 244 1667 tris
269 1604 393 1682 fierent,
417 1605 582 1668 mentione
605 1605 660 1669 vel
686 1605 896 1681 abstinerent,
923 1606 977 1670 rel
1002 1608 1171 1672 vocabulis
1192 1627 1243 1686 ea,
1267 1627 1288 1672 a

185 1687 398 1770 similitudine
413 1707 524 1789 aliqua
538 1706 663 1789 petitis,
684 1711 718 1770 et
738 1693 1026 1771 circumlocutione
1045 1707 1188 1790 quadam
1203 1709 1288 1772 indi·

183 1812 306 1871 carent.
343 1806 422 1885 Qua
436 1810 471 1871 iu
485 1828 520 1872 re
534 1815 643 1874 autem
659 1807 822 1890 antiquior
837 1813 918 1872 actas
932 1805 1058 1870 fastidii
1072 1812 1142 1871 tam
1154 1808 1288 1874 delicati

183 1926 248 1971 non
261 1915 344 1987 erat,
370 1910 403 1973 id
428 1910 519 1993 quod
540 1929 583 1974 ex
603 1909 716 1976 multis
728 1909 837 1973 verbis
851 1912 884 1992 et
895 1907 1095 1972 dictionibus
1107 1909 1196 1991 apud
1212 1910 1287 1974 Ho-

185 2029 313 2074 merum
327 2018 440 2077 notum
457 2017 520 2089 est,
535 2012 656 2095 quibus
671 2009 712 2074 ad
722 2027 876 2086 amorem,
884 2008 1150 2085 familiaritatem,
1164 2014 1197 2073 et
1211 2029 1288 2074 con·

184 2113 390 2176 suetudinem
405 2113 575 2195 utriusque
590 2131 702 2188 sexus,
714 2111 861 2196 nuptias,
868 2116 901 2173 ct
909 2109 1032 2173 furtiva
1045 2110 1166 2191 gaudia
1178 2112 1287 2193 desig·

184 2195 295 2276 nanda
320 2199 403 2277 usus
428 2223 489 2278 est.
536 2213 623 2292 Quae
649 2213 768 2277 deinde
793 2213 897 2275 verba
917 2231 939 2275 a
961 2212 1094 2293 tragicis
1115 2217 1148 2276 et
1163 2213 1287 2296 lyricis,

184 2317 284 2396 quasi
299 2319 443 2382 auctoris
458 2318 657 2400 praestantia
680 2315 934 2381 obscoenitatem
953 2316 1155 2393 amisissent,
1182 2316 1288 2399 digni·

182 2420 350 2503 tutamque
371 2419 517 2502 aliquam
537 2411 703 2484 vetustata
727 2422 838 2482 essent
860 2422 971 2495 nacta,
993 2436 1146 2501 maguam
1159 2426 1288 2502 partem

181 2518 255 2597 sine
270 2534 385 2584 sensus
397 2520 626 2605 exquisitioris
649 2526 683 2585 et
706 2520 869 2604 politioris
895 2520 1073 2584 offensione
1092 2520 1240 2585 adbibita
1251 2521 1287 2619 iu

183 2619 311 2704 vulgari
334 2643 467 2707 quoque
495 2624 657 2690 sermonis
683 2622 918 2688 consuetudine
943 2623 1176 2687 retinebantur.
1220 2622 1288 2689 Sed

182 2722 305 2788 relictis
320 2726 396 2789 aliis
410 2726 453 2790 ad
467 2745 507 2791 ea
520 2728 703 2804 veniamus,
732 2745 809 2809 quac
835 2726 1023 2790 communia
1042 2725 1168 2788 suerunt
1191 2724 1288 2789 Grae·

182 2840 297 2891 corum
311 2832 343 2891 et
359 2828 598 2906 Romanorum,
624 2829 711 2892 unde
734 2829 848 2893 multae
873 2846 926 2891 res
946 2833 981 2890 et
1004 2826 1178 2902 dictiones,
1203 2844 1288 2908 quas

182 2931 296 3011 turpes
311 2920 353 2994 ⁴et
378 2931 539 2996 obscoena
560 2949 646 2995 nunc
668 2948 844 3005 vocamus,
867 2928 903 2992 in
916 2933 1128 3010 utrorumque
1140 2927 1239 2991 iactis
1254 2932 1288 2994 et

182 3017 294 3106 dietis,
317 3031 383 3094 nisi
396 3032 544 3096 honestae
559 3050 600 3096 ac
614 3030 799 3095 laudabiles
813 3028 933 3106 essent,
953 3034 1063 3093 tamen
1088 3029 1159 3092 sine
1178 3024 1288 3113 repre-

181 3128 339 3195 hensione
352 3139 385 3198 et
397 3134 523 3212 fierent,
539 3140 575 3198 et
589 3133 782 3197 dicerentur.
827 3130 976 3195 Primum
999 3132 1077 3212 ipsa
1100 3130 1288 3214 mytborum

182 3234 216 3295 et
229 3252 398 3299 sacrorum
411 3237 509 3315 ratio,
534 3235 774 3318 antiquissimis
796 3233 1003 3317 temporibus
1024 3236 1098 3296 orta
1117 3241 1149 3300 et
1165 3235 1288 3299 consti·

183 3336 266 3413 tata,
290 3337 415 3415 multis,
441 3344 478 3402 ut
502 3330 587 3403 nunc
614 3336 763 3421 quidem,
787 3337 926 3399 lascivis
950 3339 984 3398 ct
1000 3334 1183 3415 obscoenis,
1211 3356 1288 3420 quae

74 3419 79 3429 “
183 3426 353 3519 religionis
363 3443 543 3505 auctoritas
555 3442 653 3525 quasi
667 3442 837 3515 sanxerat,
851 3442 980 3501 mentes
991 3442 1129 3501 etaures
1142 3438 1289 3502 castissi-

168 3541 455 3606 'masassuefecit
483 3542 613 3608 Deinde
624 3540 756 3607 Graeois
764 3547 800 3604 et
809 3538 983 3616 Romanis,
997 3538 1050 3603 vel
1059 3539 1289 3618 severioribus,

684 3713 791 3767 NOTAE

148 3880 155 3887 „
178 3834 314 3890 uunquam
331 3826 426 3877 amavit
438 3830 630 3878 matronas'aut
645 3831 716 3895 inge·
755 3833 848 3891 traque
869 3837 970 3875 amores
990 3823 1128 3875 invehitur.
1167 3823 1290 3874 Carmina

183 3913 256 3960 uuas,
276 3916 417 3966 nunquam,
440 3903 507 3968 quod
519 3907 645 3967 praeclare
657 3906 717 3955 Les·
756 3903 836 3951 etiam
863 3901 933 3949 illius
962 3902 1087 3950 amatoria
1116 3899 1184 3949 baud
1211 3899 1289 3949 dubie

184 3975 280 4039 rugini
298 3977 395 4042 docuit,
411 3994 505 4042 pueros
518 3982 624 4044 amarit,
640 3983 716 4031 etsie
755 3991 826 4041 eaepe
845 3979 915 4027 lusus
940 3976 1050 4040 politici,
1077 3975 1109 4026 ad
1131 3976 1289 4024 bilaritatem

185 4050 256 4116 leges
276 4055 404 4104 Romame
414 4058 520 4122 illasque
536 4064 636 4108 natura
653 4074 716 4108 nun·
756 4050 910 4117 factaeaepe
920 4059 976 4103 ete
987 4051 1082 4107 Gracc
1096 4051 1175 4116 pedm
1185 4064 1289 4115 expres-

178 4142 262 4197 quam
281 4132 405 4193 violarim
421 4135 506 4198 potius
525 4136 641 4201 graviter
660 4137 719 4187 rub·
758 4130 876 4183 serunt?
939 4150 942 4155 ¹
1256 4165 1262 4175 Ι

186 4201 244 4255 lude
256 4206 283 4256 in
294 4207 422 4261 adulteria
434 4212 538 4277 proprie
549 4211 620 4264 dicta
637 4212 718 4264 indes·
