3059 4925
267 333 334 408 ,312
618 358 654 405 n.
677 335 1027 416 rourrrovereinrs·

269 516 455 580 Sustinuit?
474 513 552 580 nam
567 515 736 600 Sergiolus
752 520 827 604 jam
840 518 956 585 radere
969 525 1080 603 guttur
1307 520 1368 582 1115

268 618 441 702 Coeperat,
454 624 488 685 et
501 626 595 685 secto
607 623 756 705 requiem
769 642 903 707 sperare
915 625 1060 707 lacerto,

269 722 441 788 Praeterea
452 723 557 787 multa
570 726 605 788 in
618 724 704 789 faeie
719 725 877 789 deformia
888 748 898 805 3
921 726 1011 790 sicut

241 903 245 908 .
267 823 415 889 Attritus
429 827 535 908 galea,
550 827 735 911 mediisque
748 828 784 889 in
798 828 935 892 naribus
949 829 1065 911 ingens

269 926 412 1007 Gibbus,
427 935 460 993 et
474 931 688 994 acromatum
704 951 835 1014 semper
848 931 1005 995 stillantis
1018 931 1129 996 ocelli.

270 1030 336 1094 Sed
352 1029 514 1113 gladiator
528 1037 609 1097 erat.
654 1032 753 1097 Facit
764 1033 829 1096 hoc
843 1033 921 1096 illos
935 1032 1168 1117 Hyacinthos:
1307 1033 1372 1097 110

273 1132 354 1197 Hoc
368 1136 494 1218 pueris,
507 1136 708 1220 patriaeque,
722 1137 786 1200 boc
799 1137 947 1219 praetulit
958 1136 1019 1201 illo
1032 1137 1151 1213 sorori,

269 1236 383 1321 Atque
396 1240 479 1303 viro.
524 1238 658 1304 Ferrum
673 1244 736 1318 est,
750 1241 840 1325 quod
855 1247 977 1305 amant.
1022 1240 1094 1304 Hic
1110 1238 1249 1323 Sergius
1263 1236 1351 1303 idem

268 1338 423 1425 Accepta
437 1343 519 1406 rude
533 1345 695 1427 coepisset
708 1343 851 1408 Veiento
865 1344 979 1409 videri.

269 1543 370 1592 triusion
380 1541 480 1593 4444441
513 1545 612 1594 Etenim
622 1545 722 1607 Sergius
733 1546 860 1609 ircoepm
870 1545 923 1606 jen
934 1546 1029 1595 tondere
1039 1545 1134 1606 seem,
1144 1550 1169 1595 44
1178 1545 1280 1610 44144444
1291 1558 1374 1607 espec·

269 1615 331 1669 lere,
341 1624 412 1657 neree
419 1612 508 1659 444444.
527 1639 530 1640 ⁷
542 1611 642 1673 imper
651 1627 698 1660 m
710 1627 788 1674 peuce
798 1613 825 1660 44
834 1614 901 1660 celte
911 1610 980 1672 soede
991 1618 1066 1660 erunt
1076 1628 1083 1660 :
1094 1612 1159 1661 44444
1165 1625 1260 1675 pressu
1270 1610 1374 1665 emet,-

268 1675 700 1735 etmdgnerleerorisnediorem
715 1682 785 1739 atque
799 1676 1056 1738 grwumbume·
1072 1691 1190 1739 mquam
1205 1673 1372 1739 confitentis.

270 1739 305 1787 Ar
323 1743 377 1787 eret
391 1741 520 1800 gladiator.
553 1739 584 1790 11
600 1756 639 1790 ere
654 1742 734 1790 reddit
754 1741 919 1805 Hyacinthos:
934 1741 961 1789 ie
977 1742 1043 1790 444414
1060 1746 1085 1790 et
1101 1742 1198 1804 patrie,
1215 1742 1241 1788 id
1254 1754 1373 1801 germ

269 1806 399 1867 4444144444
414 1805 462 1853 iste
476 1806 614 1869 proponit.
649 1806 752 1855 Gladius
761 1811 799 1854 eet
807 1822 875 1869 quen
885 1808 1019 1868 deperent.
1052 1805 1099 1854 1414
1109 1808 1159 1869 ipse
1169 1805 1268 1866 Sergius
1277 1806 1376 1853 41444444

269 1870 471 1934 neeincaepeue
484 1870 609 1921 fabricius
618 1871 743 1921 4444444444
776 1871 885 1921 Scilicet
901 1874 998 1933 angeris
1013 1871 1070 1934 quid
1085 1868 1374 1935 pernoscendisque

735 1997 914 2017 &nuenton

270 2077 351 2141 Eppia
367 2082 409 2129 82.
442 2082 522 2144 Appio
538 2087 578 2131 85.
597 2080 637 2132 Cl'.
654 2047 687 2130 ad
703 2096 741 2131 rs.
757 2085 897 2131 114.-14)5
909 2081 964 2142 jen
981 2081 1088 2131 Serioies
1102 2096 1158 2129 4444
1175 2083 1299 2129 14.-1416
1308 2077 1373 2138 sesso

269 2156 318 2205 pro
334 2150 530 2195 4444414-1417
546 2148 687 2195 multarent
701 2151 759 2196 154
777 2148 870 2209 glossa
896 2146 989 2206 faeiem
1006 2151 1047 2196 25.
1064 2151 1106 2196 27.
1125 2150 1209 2195 46444.
1228 2147 1313 2193 5568.
1331 2147 1373 2191 65-

183 2205 187 2210 ·
263 2212 457 2260 ,soar-esur.
489 2210 1069 2274 ereptaemss.-1osmeters.1sro.
1085 2215 1209 2260 ss-roo
1226 2208 1321 2272 cippus
1334 2211 1373 2257 14.
1422 2214 1426 2224 ¹

268 2273 402 2323 4114444411.
433 2276 541 2336 perier
557 2291 604 2339 pro
619 2291 711 2339 semper
728 2280 769 2325 14.
800 2276 987 2339 sapestillaetis
1004 2281 1044 2326 11.
1056 2276 1089 2325 ad
1105 2290 1186 2339 marg.
1204 2278 1271 2323 ll.a
1286 2288 1321 2322 m.
1335 2286 1374 2335 pr.

269 2340 312 2386 21.
322 2342 363 2386 22.
373 2343 414 2389 23.
425 2344 465 2388 26.
476 2344 517 2389 45.
537 2341 611 2403 prob.
626 2339 752 2391 Seterrtl.
771 2341 814 2405 qui
830 2348 927 2403 monet,
943 2342 981 2390 its
997 2342 1077 2390 etiam
1096 2341 1189 2403 legisse
1206 2339 1268 2389 Nic.
1285 2338 1376 2387 Ferre·

270 2408 326 2450 tum
337 2418 428 2467 opusc.
441 2419 521 2469 gram.
534 2421 561 2469 p.
574 2409 598 2455 3.
609 2412 637 2456 et
650 2407 819 2455 mutationem
831 2421 863 2455 ex
874 2420 906 2455 eo
918 2413 1001 2455 ortam
1013 2406 1105 2467 rideri,
1122 2404 1192 2471 quod
1203 2404 1303 2453 librarii
1318 2415 1374 2451 ver·

269 2482 327 2515 som
347 2484 422 2518 ruere
445 2471 603 2534 potaverint,
620 2473 642 2521 si
659 2487 722 2535 repe
739 2473 882 2536 legeretur,
898 2486 956 2521 com
974 2472 1113 2521 debuerint
1128 2471 1285 2541 meminisse,
1304 2469 1376 2518 Gree-

271 2546 329 2581 cam
351 2535 504 2598 positionem
523 2536 566 2585 hic
582 2537 668 2585 locum
682 2536 788 2586 babere.
822 2535 1051 2587 censeremur.
1068 2550 1128 2586 xvr.
1139 2541 1180 2585 22.
1198 2533 1332 2584 Drekenb.
1348 2542 1375 2582 et

270 2612 318 2646 uos
335 2600 368 2648 ad
383 2600 430 2649 Sil.
443 2601 504 2649 1441.
517 2614 568 2651 err.
579 2605 638 2651 618.
655 2615 695 2650 rx.
706 2607 763 2652 515.
774 2609 801 2650 44
813 2615 884 2652 xvrr.
896 2605 954 2651 541.
972 2601 1016 2651 obi
1033 2602 1122 2651 multis
1140 2600 1266 2664 exemplis
1283 2598 1376 2661 proba·

270 2664 362 2728 vimus,
374 2665 501 2728 syllabam
512 2664 626 2728 finalem,
644 2681 729 2731 perse
742 2668 855 2726 brevem,
872 2667 1040 2731 sequentibus
1056 2666 1156 2715 duabus
1169 2666 1210 2714 vel
1223 2663 1305 2714 tribus
1317 2678 1375 2712 con·

271 2731 349 2793 sonis,
366 2731 443 2779 modo
455 2731 559 2794 corripi,
570 2732 646 2781 modo
657 2733 858 2795 produci—11⁰
875 2741 902 2781 et
919 2735 1026 2781 115132
1043 2732 1119 2795 ejecti
1136 2747 1151 2780 e
1168 2734 1207 2780 11.
1239 2730 1376 2793 Quies

270 2796 312 2844 441.
345 2795 572 2860 11444444464145.
605 2798 728 2861 1444444144
744 2801 786 2846 27.
803 2801 845 2846 47.
879 2797 1003 2861 yacinthos
1018 2802 1058 2846 24.
1091 2797 1259 2845 4441441423.
1293 2793 1377 2842 144144-

270 2863 309 2907 444
326 2865 368 2910 22.
401 2862 521 2925 yueirretos
535 2866 576 2912 21.
611 2864 804 2925 144414444414.
837 2861 974 2925 Zoeyrrtbet
989 2866 1123 2912 45.-111.
1134 2864 1181 2910 112
1198 2862 1234 2908 Er
1247 2858 1337 2922 patria
1352 2863 1376 2906 et

249 2927 359 2987 «4444414,
376 2931 400 2975 44
414 2931 584 2991 preponentes·
595 2926 690 2976 1444444
704 2926 773 2991 Sepe
787 2927 847 2975 etro.
882 2927 983 2976 Ferme
1002 2932 1048 2986 444,
1065 2929 1126 2989 qnod
1143 2929 1233 2988 mest,
1249 2925 1310 2987 qued
1325 2938 1376 2971 eor·

268 2992 346 3054 piter,
362 2993 445 3041 4441444
462 2995 584 3042 ltu-112
606 2992 709 3055 Vegerle
728 2997 767 3043 17.
786 2995 909 3042 111-114
919 2990 1015 3052 fecerat
1030 2995 1071 3041 22.
1088 3005 1148 3041 em.
1159 3005 1199 3054 pr.
1233 2989 1328 3053 Hippea
1336 2991 1376 3038 24.

769 3152 879 3204 NOTAE

304 3271 350 3315 105
373 3266 506 3330 Sergiolus]
538 3269 667 3320 Dimiuut.
693 3270 727 3318 ad
752 3270 803 3318 iro·
843 3267 1068 3317 abAlex.111.l2.

270 3344 348 3393 niam.
877 3349 925 3394 1418
941 3344 1050 3394 14441444
1058 3343 1140 3406 galee]
1165 3343 1248 3391 Frons
1267 3348 1326 3392 erat
1340 3347 1377 3390 at·

265 3470 269 3479 ,
305 3421 398 3469 Radere
407 3422 507 3485 guttur]
530 3423 650 3472 Mentunr
661 3424 718 3488 jam
730 3439 804 3488 egre-
844 3423 915 3486 trite,
926 3421 1105 3485 vibicibosqoe
1117 3426 1216 3481 notata,
1228 3419 1262 3468 ob
1280 3419 1377 3483 gslesm

245 3534 247 3541 .
271 3497 318 3561 gien
335 3497 479 3563 barbatum,
504 3500 573 3563 quod
593 3508 697 3550 aetatem
718 3503 804 3566 arguit
845 3515 921 3565 quam
939 3499 1061 3564 gestabat
1074 3498 1204 3547 mirmillo.
1237 3496 1305 3546 Vide
1321 3511 1377 3561 que

271 3581 432 3638 provectam.
444 3629 447 3634 ,
843 3578 990 3626 notavimus
1002 3578 1056 3624 Sat.
1067 3590 1098 3624 rr.
1112 3591 1148 3624 vs.
1162 3578 1217 3623 145.
1228 3580 1324 3638 etseq.

264 3698 267 3703 .
304 3655 352 3701 14411
369 3651 437 3699 Secto
461 3653 563 3715 requiem
587 3669 682 3716 sperare
705 3654 805 3718 lacerto]
878 3660 926 3704 loe
944 3653 1049 3716 Gibtur]
1076 3654 1200 3702 'l'umore
1215 3650 1377 3714 percussione

264 3727 424 3779 ‚Missioneur
434 3729 599 3793 accipiebant
609 3732 775 3793 gladiatores,
782 3730 804 3778 si
844 3732 945 3782 crebra.
1347 3734 1350 3739 '

270 3806 373 3869 quando
389 3814 475 3854 essent
493 3807 608 3856 membro
627 3808 713 3870 aliquo
729 3808 804 3857 muti-
876 3807 974 3872 Semper
983 3808 1097 3857 4444444444
1107 3805 1184 3868 oeellr]
1209 3801 1377 3868 lippitudine

270 3883 327 3932 loti.
362 3883 449 3931 Minus
460 3884 546 3945 placet
558 3883 626 3947 quod
638 3882 716 3934 affert
729 3890 804 3934 retus
845 3885 996 3934 laborantis.

261 3959 357 4009 Sobel.
393 3959 648 4009 Belloneriumiorte
662 3961 734 4009 illum
749 3960 804 4010 fac·
878 3967 926 4011 1144
952 3959 1113 4025 Hyacinthos]
1155 3958 1221 4006 Tam
1246 3956 1378 4014 amabiles,

272 4044 326 4086 tom
345 4052 411 4098 esse,
428 4052 472 4086 seo
491 4052 506 4086 e
526 4038 641 4097 Bellone
661 4038 807 4089 Sacerdoti·
845 4051 921 4100 quum
933 4035 1058 4085 torono-us
1067 4036 1111 4084 ille
1122 4033 1253 4097 Apollinis
1261 4032 1377 4093 amasius,

270 4114 329 4174 bus,
344 4117 388 4178 qui
401 4130 434 4162 ex
445 4130 515 4164 more
526 4116 639 4164 lacertos
652 4116 701 4166 sibi
718 4117 805 4179 gladio
845 4114 879 4163 de
891 4129 941 4179 qno
953 4113 1032 4162 Ovid.
1042 4114 1109 4161 Met.
1120 4125 1147 4161 ι.
1159 4110 1254 4160 14145.

272 4188 433 4240 dissecantes
451 4207 570 4241 cruorem
588 4208 661 4241 sorim
681 4195 746 4242 Dese
768 4209 806 4243 sa·
863 4191 1135 4261 Ι1144144444444414]
1165 4190 1297 4239 blissionis
1317 4188 1375 4237 olbn

272 4263 391 4315 criticare
411 4275 605 4319 consueverunt.
640 4268 707 4318 Vide
727 4269 821 4335 Alex.
846 4280 872 4322 et
880 4267 1306 4333 444441οηί444414114444441344444
1314 4270 1378 4324 eret,
