3059 4925
618 399 824 452 rnnru'rro.
1224 383 1267 452 11

161 558 296 622 ‘menta
315 555 471 623 facienda
494 558 560 622 sint
590 556 811 622 adolescenti:
844 555 946 621 nolim
975 561 1090 633 tamen
1108 555 1265 640 cuiquam

159 659 323 725 ‘eandem
337 659 499 723 rationem
518 661 651 744 probari
675 661 708 722 in
730 660 806 724 aliis
820 659 955 723 minoris
971 659 1141 742 dignitatis
1162 661 1266 745 scrip-

159 761 171 794 ‘
184 763 320 827 loribus.
365 761 403 824 Si
423 762 559 825 enimin
575 761 727 845 Virgilio,
742 771 779 825 ut
794 762 951 838 diximus,
967 782 1040 824 esse
1055 769 1164 846 potest
1178 763 1268 828 utili·

160 866 237 927 ‘tas
266 863 380 947 aliqua
404 865 507 928 variae
532 864 684 928 lectionis
709 863 896 947 diligentius
919 864 1018 928 etiam
1042 865 1077 927 in
1100 866 1265 945 obscuris,

135 965 327 1053 floribus,
342 972 400 1030 aut
420 966 609 1030 solennibus
634 968 798 1031 erroribus
822 967 1000 1050 ascriptae;
1023 973 1061 1031 ut
1083 969 1268 1051 specimina

160 1067 332 1133 ‘habeant
352 1069 576 1134 adolescentes
599 1070 817 1135 festinationis
832 1077 865 1134 et
879 1071 1024 1153 stuporis
1037 1070 1266 1136 librarlorum:

160 1175 265 1255 ‘quae
281 1171 413 1237 tandem
425 1173 460 1236 in
475 1173 562 1250 aliis,
577 1173 758 1255 elabique,
774 1193 849 1237 esse
863 1179 975 1256 potest
986 1172 1112 1237 utilitas
1126 1179 1267 1239 enotatas

159 1276 169 1305 ‘
184 1274 367 1352 varietatis,
382 1293 472 1357 quac,
491 1276 522 1339 si
538 1295 612 1340 vere
631 1275 738 1352 dicas,
757 1277 898 1340 varietas
912 1276 1004 1339 nulla
1016 1281 1079 1351 est,
1098 1276 1157 1339 sed
1177 1296 1269 1342 mera

159 1378 169 1408 ‘
183 1374 393 1440 librariorum
407 1376 581 1454 aberratio,
596 1377 738 1443 millenis
751 1378 915 1462 exemplis
929 1377 1054 1441 dudum
1067 1384 1154 1456 nota,
1169 1380 1269 1445 modo

160 1479 231 1542 ‘ab
257 1479 395 1559 incuria,
416 1479 515 1546 modo
535 1480 578 1544 ab
601 1480 797 1566 ignorantia,
823 1479 924 1546 modo
948 1501 969 1544 a
992 1482 1110 1547 saeculi
1135 1483 1269 1548 inscitia

160 1581 358 1664 ‘prolectat
381 1585 498 1668 inqua
511 1582 592 1648 nibil
604 1582 683 1647 novi
697 1589 872 1664 occurrat3
893 1584 974 1648 nibil
997 1584 1086 1667 quod
1105 1605 1171 1650 non
1191 1606 1269 1652 sex·

159 1684 169 1714 ‘
183 1683 310 1748 centies
324 1684 534 1749 observatum
549 1686 610 1765 sit3
632 1684 714 1749 nibil
728 1684 819 1769 quod
835 1685 979 1770 aliquem
993 1685 1137 1752 fructum
1151 1687 1271 1753 habeat

159 1786 245 1849 ‘ant
259 1786 378 1851 babere
392 1788 509 1872 possit.
554 1787 726 1872 Inprimis
741 1793 851 1852 autem
871 1788 907 1851 in
927 1788 970 1852 iis
992 1789 1195 1867 auctoribus,
1211 1789 1270 1872 qui

159 1890 170 2021 ἶ
179 1887 258 2053 {lentii
269 1886 387 2053 crititca
401 1893 472 1954 arte
486 1894 520 1953 et
532 1890 927 2056 ἓῗίἒὲᾒοωῒιηὼίψῐοηιω
940 1890 1147 2057 premplprip
1158 1910 1270 2009 eman:

211 2009 232 2053 a
279 2010 366 2068 sun,
385 2011 486 2075 quam
508 2012 531 2055 u
648 2012 682 2056 m
703 2012 757 2056 su
796 2012 808 2054 1
829 2010 937 2076 erpec
954 2012 1008 2057 arc
1029 2012 1125 2075 poes
1156 2013 1196 2071 rs,
1211 2013 1271 2077 qur

159 2096 170 2125 ‘
184 2094 303 2157 iterum
317 2094 487 2179 vulgarem
502 2095 645 2179 aliquem
653 2099 687 2159 et
700 2094 905 2159 diobolarem
920 2093 1070 2158 codicem
1081 2101 1138 2160 aut
1152 2096 1271 2160 editio·

160 2198 262 2260 ‘nem
287 2215 309 2259 a
338 2197 551 2261 somnolentis
579 2197 690 2282 operis
718 2196 937 2280 depravatam
965 2195 1082 2261 sedulo
1108 2198 1269 2275 excubat,

160 2296 375 2380 ‘sphalmata
396 2302 429 2362 et
449 2318 574 2363 errores
596 2304 742 2376 annotet,
762 2304 798 2362 et
821 2298 871 2361 sic
892 2316 1013 2363 novam
1036 2318 1073 2362 se
1092 2299 1271 2364 editionem

159 2399 364 2466 ‘adornasse
390 2403 509 2486 putet?
544 2400 664 2469 Nonne
689 2408 785 2486 turpe
813 2404 876 2481 est,
904 2402 1040 2468 brevem
1064 2401 1166 2487 hujus
1188 2403 1269 2467 vitan

160 2502 331 2568 ‘fructum
355 2504 391 2568 in
428 2504 505 2570 baec
539 2505 756 2589 impenderet
788 2505 823 2568 in
852 2508 921 2569 tam
948 2504 1014 2573 late
1043 2506 1273 2569 subcrescente

160 2611 171 2640 ‘
186 2625 297 2670 rerum
311 2605 540 2671 discendarum
555 2613 665 2690 segete
679 2626 815 2692 operam
829 2607 863 2670 in
877 2609 974 2689 nugis
988 2607 1040 2670 bis
1058 2607 1271 2671 consumeret

161 2706 316 2773 ‘Verum
330 2713 380 2772 est
393 2727 435 2772 ea
447 2709 623 2773 multomm
636 2709 764 2793 opinio,
780 2709 870 2773 nullo
892 2710 994 2773 animi
1011 2708 1140 2793 judicio
1157 2709 1274 2793 explo-

161 2815 171 2845 ‘
185 2816 271 2891 rata,
287 2816 324 2876 ut
337 2816 451 2895 putent
471 2812 554 2876 satis
575 2830 661 2890 esse,
685 2814 715 2877 si
736 2811 837 2877 modo
860 2812 1012 2877 codicem
1025 2812 1080 2875 vel
1093 2811 1273 2876 editionem

162 2918 172 2947 ‘
189 2919 332 2979 veterem
347 2914 575 2978 conferendam
589 2913 752 2995 babeant3
775 2915 810 2978 id
828 2921 949 2992 autem,
964 2912 1056 2997 quod
1077 2915 1184 2998 primo
1198 2915 1273 2979 loco

161 3019 172 3048 ‘
187 3018 399 3083 considerare
411 3016 588 3095 debebant,
604 3017 689 3082 sitne
703 3018 733 3081 is
747 3017 833 3082 liber
846 3034 943 3082 novae
969 3023 1028 3081 aut
1040 3015 1272 3081 emendatioris

160 3119 350 3199 ‘lectionis
365 3121 440 3185 sons
454 3120 509 3185 vel
528 3118 764 3206 adjumentum,
788 3121 848 3185 vix
869 3120 904 3184 in
926 3118 1071 3183 animum
1086 3117 1271 3183 admittant.

160 3221 304 3308 ‘Atqui
319 3229 356 3289 ut
375 3224 439 3289 boc
461 3224 616 3306 exemplo
637 3229 720 3304 utar,
743 3222 878 3307 Virgilii
901 3228 1064 3289 trecentos
1084 3221 1218 3286 codices
1239 3227 1273 3286 et

164 3325 353 3392 ‘editiones
376 3332 504 3392 veteres
525 3325 589 3391 hoc
614 3331 771 3411 respectu
796 3327 856 3390 vix
878 3324 997 3408 dignas
1018 3325 1164 3402 babebit,
1189 3342 1273 3407 quas

164 3431 174 3461 ‘
190 3428 359 3511 inspiciat,
374 3431 414 3508 is,
430 3430 489 3512 qui
502 3447 570 3493 non
585 3429 628 3493 ad
642 3429 811 3513 vulgarem
825 3429 1016 3513 opinionem
1029 3426 1195 3511 judicium
1209 3426 1274 3490 sibi

164 3532 310 3596 ‘mentis
323 3531 589 3598 constituendum
603 3532 716 3616 putet!
760 3530 851 3610 Alia,
871 3550 935 3595 non
953 3530 1062 3594 minus
1074 3528 1176 3611 digna
1196 3548 1273 3613 quae

164 3633 326 3716 legantur,
341 3635 378 3699 in
391 3653 466 3699 eam
477 3654 547 3699 rem
558 3634 744 3719 disputavit
757 3634 878 3718 Heyne
886 3632 922 3697 in
936 3631 1072 3697 Praeiat.
1084 3648 1181 3697 novae
1193 3630 1274 3696 edit.

165 3731 285 3817 Virgil.
305 3734 347 3799 Τ.
371 3752 396 3798 ι.
420 3754 497 3820 pag.
528 3752 660 3800 xxvur
689 3754 742 3820 sq.
763 3737 823 3800 ubi
845 3735 947 3800 etiam
972 3753 1049 3817 pag.
1067 3748 1174 3797 uxvr.
1200 3732 1275 3798 baec

165 3835 314 3903 laudavit
327 3839 430 3901 verba
444 3837 591 3902 Plautini
605 3836 640 3902 in
656 3837 792 3903 Praefat.
807 3835 851 3900 ad
865 3835 888 3900 J
889 3837 934 3901 ul.
951 3833 1138 3900 Caesarcm:
1162 3839 1172 3867 ‘
1185 3831 1274 3912 Quae

167 3938 279 4001 ‘enim
303 3938 596 4023 finis-quousque
618 3939 760 4023 paginas
782 3957 896 4003 omncs
910 3936 1109 4002 obsidebunt
1122 3936 1224 4002 variae
1242 3940 1277 4000 et

168 4040 288 4105 ‘vanae
309 4039 590 4124 saepelectionesl
615 4039 840 4106 Excutiuntur
858 4040 1006 4125 profecto
1018 4040 1192 4123 scriptores
1207 4036 1277 4122 ipsi

168 4142 388 4222 ‘emanibus,
408 4141 486 4207 dum
500 4142 601 4208 avida
616 4143 776 4228 juventus
794 4141 839 4207 ad
854 4143 927 4206 baec
942 4139 1228 4230 deverticulaabit
1241 4145 1278 4205 et

166 4243 325 4333 ξιάςεςγα
336 4245 403 4313 ista
424 4250 518 4312 curat
532 4244 622 4312 velut
644 4240 728 4333 ἔργα.
774 4241 886 4327 Quam
906 4242 1001 4309 multi
1009 4242 1082 4328 jam
1100 4239 1157 4326 qui
1171 4240 1273 4308 libros
