3059 4925
232 283 276 348 16
680 291 889 347 usurario.

234 445 334 513 etiarn
362 462 486 521 eorum,
509 441 568 528 qui
596 443 722 526 optime
743 442 785 506 de
813 445 1012 510 recensendo
1042 441 1204 516 Juvenale
1231 452 1341 519 meriti
1381 507 1385 510 .

233 553 321 626 snut,
345 546 515 629 Stephani,
546 543 734 623 Pulmanni,
764 545 903 624 Pithoei,
929 545 1081 631 Rigaltii,
1112 551 1276 618 Henuinii
1308 560 1342 622 ot

234 651 410 727 Maittarii,
436 652 471 712 in
491 669 533 712 eo
559 648 717 725 substitit,
744 653 783 712 ut
800 667 926 732 paucas
952 670 1075 734 easque
1103 656 1339 721 memorabiles

233 755 392 820 lectiones
416 753 544 834 aliquot
563 752 731 829 librorum,
754 752 877 835 quibus
896 755 950 818 usi
968 762 1090 833 essent,
1112 765 1340 841 excerperent,

233 855 361 939 hosque
375 858 578 919 nominarent
592 859 732 932 tantum,
747 873 810 917 uec
832 855 968 920 ulterius
990 858 1231 942 describerent3
1256 862 1341 926 alio·

233 980 405 1037 nrmvero,
421 959 480 1042 qui
494 957 661 1042 pleniores
683 955 864 1020 editionum
887 959 1022 1023 annales
1037 962 1180 1025 condere
1195 963 1343 1045 aggressi

235 1067 323 1141 sunt,
336 1062 509 1138 Maittarii,
523 1059 681 1137 Fabricii,
693 1058 837 1137 Ernesti,
852 1067 885 1124 et
899 1062 1062 1128 sodalium
1074 1064 1342 1148 Bipontinorum,

234 1166 269 1230 in
290 1185 343 1245 eo,
364 1170 401 1229 ut
423 1166 514 1229 solos
535 1183 648 1228 earum
674 1164 801 1241 titulos,
827 1170 919 1229 etue
940 1167 1073 1249 quidem
1098 1168 1256 1247 omnium,
1282 1188 1344 1232 nec

235 1266 318 1332 satis
353 1273 517 1345 accurate,
549 1272 774 1332 recenserent:
810 1268 896 1331 unde
921 1288 999 1331 uere
1021 1269 1107 1334 dixit
1135 1269 1268 1335 Ernesti
1308 1272 1344 1336 in

236 1371 374 1436 Praefat.
388 1372 431 1434 ad
446 1371 729 1455 Tacit.p.xu11.,
743 1371 894 1435 homines
904 1372 1097 1455 plerumque
1110 1375 1250 1452 nescire,
1262 1375 1345 1459 quid

236 1474 302 1537 sibi
322 1474 435 1550 velint,
458 1493 534 1536 cum
555 1472 597 1535 de
618 1470 748 1557 volgata
764 1473 836 1538 sive
858 1482 979 1557 recepta
1004 1470 1135 1537 lectione
1155 1476 1343 1559 loquantur.

236 1573 311 1656 Ego
324 1596 445 1641 novam
460 1594 600 1658 eamque
622 1576 786 1639 lubricam
807 1578 975 1659 ingressus
1000 1577 1102 1653 viam,
1117 1580 1271 1662 quamvis
1292 1599 1345 1658 eo,

236 1696 305 1762 quo
319 1678 495 1755 tenderem,
515 1698 568 1742 me
585 1682 818 1762 perventurum
833 1698 912 1761 spes
936 1677 1027 1742 nulla
1047 1683 1145 1757 esset,
1166 1680 1345 1762 procedere

237 1785 347 1844 tamen
368 1786 508 1845 conatus
523 1800 607 1857 sum,
623 1801 691 1864 quo
713 1800 820 1863 usque
841 1780 936 1844 licuit
958 1801 1018 1863 per
1035 1782 1159 1844 itineris
1174 1780 1347 1847 difficulta-

237 1886 315 1960 tem,
330 1903 389 1966 per
412 1884 644 1967 praesidiorum
670 1882 817 1967 copiam,
831 1904 892 1967 per
916 1885 1030 1960 otium,
1053 1889 1087 1947 et
1102 1903 1162 1967 per
1177 1884 1345 1974 ingenium

237 2003 359 2064 meum,
389 1986 479 2068 quod
504 1984 582 2049 talis
608 1985 655 2048 rei
678 1985 833 2049 literariae
862 1985 1026 2049 subtilitas
1057 1986 1347 2076 nunquamvalde

237 2088 291 2150 vel
305 2090 453 2152 exercuit
466 2090 522 2154 vel
539 2089 636 2172 juvit.
683 2088 840 2152 Fortasse
858 2089 933 2152 baec
958 2106 1060 2171 opera
1086 2088 1262 2152 admodum
1284 2090 1346 2152 iru-

239 2189 388 2271 perfecta
401 2196 433 2254 et
446 2210 578 2268 manca,
597 2190 724 2273 junctis
738 2193 916 2275 praecipue
926 2211 966 2255 ac
977 2191 1246 2273 praecedentibus
1261 2192 1347 2255 mul·

239 2296 347 2356 torum
374 2291 504 2368 studiis,
534 2291 714 2373 aliquando
734 2294 789 2356 vel
815 2294 858 2356 ab
884 2294 971 2370 aliis,
997 2293 1050 2356 vel
1076 2313 1098 2357 a
1125 2313 1178 2356 me
1205 2295 1292 2377 ipso,
1316 2294 1347 2357 si

239 2391 316 2478 plus
329 2397 363 2455 et
377 2393 438 2455 otii
452 2397 486 2456 et
501 2393 725 2457 subsidiorum
739 2401 858 2459 nactus
881 2395 985 2473 fuero,
1001 2396 1117 2479 perfici
1130 2397 1264 2480 poterit,
1289 2400 1348 2460 aut

240 2495 357 2558 saltem
372 2495 558 2569 continuari
573 2502 606 2560 et
620 2497 752 2578 corrigi.

284 2595 387 2674 Quod
414 2598 458 2660 ad
486 2602 681 2662 contextum
707 2599 818 2683 poetae
844 2601 970 2677 attinet,
1008 2599 1185 2675 editionem
1214 2601 1347 2685 quidem

242 2698 467 2785 Bipontinam,
485 2721 562 2783 quae
576 2704 648 2764 tota
669 2700 736 2764 iere
749 2721 795 2765 ex
817 2700 1039 2778 Henniniana,
1050 2706 1087 2764 ut
1098 2703 1206 2767 baece
1228 2702 1348 2767 Subre-

242 2802 385 2881 veliana,
408 2804 568 2887 expressa
591 2808 654 2881 est,
678 2805 789 2886 operis
810 2803 954 2866 librariis
969 2803 1199 2868 excudendam
1213 2806 1348 2885 tradidi,

192 2961 195 2965 .
240 2923 356 2969 verum
371 2907 568 2986 sexcenties,
583 2906 641 2969 ubi
656 2907 782 2972 criticae
805 2907 948 2970 rationes
972 2906 1008 2969 id
1035 2908 1167 2971 omnino
1195 2908 1348 2987 suadere,

240 3008 296 3071 vel
316 3009 431 3091 potius
453 3010 570 3092 jubere
594 3007 801 3086 videbantur,
823 3028 889 3072 non
914 3007 1014 3072 modo
1037 3009 1348 3093 interpunctionem,

199 3127 203 3132 ’
242 3129 318 3191 quae
334 3111 377 3173 ad
392 3112 590 3175 senteutiam
603 3115 675 3174 tum
698 3111 943 3195 expediendam
961 3116 1032 3175 tum
1057 3111 1251 3176 turbandam
1273 3114 1349 3195 plu-

242 3211 361 3273 rimum
375 3215 478 3290 valet,
494 3213 553 3277 sed
567 3216 662 3296 ipsas
678 3234 811 3299 quoque
825 3216 981 3279 lectiones
995 3219 1124 3278 mutare
1138 3234 1241 3278 ausus
1257 3235 1349 3297 sum;
1455 3238 1462 3248 ·

243 3317 282 3377 ut
295 3313 407 3396 itaque
420 3316 492 3380 baec
505 3318 654 3380 recensio
665 3317 762 3400 plane
772 3316 973 3382 novavideri
982 3316 1104 3400 possit.
1149 3315 1189 3380 In
1199 3336 1270 3399 qua
1277 3319 1351 3399 qui-

244 3414 383 3481 demite
395 3424 545 3482 versatus
561 3438 646 3497 sum,
660 3423 696 3482 ut
710 3438 824 3482 omnes
838 3419 1006 3498 lectioneS,
1020 3418 1187 3502 inquibus
1201 3420 1350 3489 varietas

244 3523 345 3594 esset,
360 3519 403 3581 ad
417 3521 574 3584 bonorum
590 3521 747 3584 librorum
756 3520 854 3584 fidem
868 3526 901 3584 et
915 3522 956 3584 ad
973 3542 1054 3586 vcra
1069 3526 1213 3607 acgecta
1226 3522 1349 3603 linguae

245 3619 393 3703 artisque
407 3627 577 3706 praecepta
591 3625 729 3687 solerter
743 3625 919 3705 exigerem,
943 3644 1067 3706 easque
1088 3626 1137 3688 ita
1157 3625 1212 3688 vel
1236 3643 1350 3689 serva·

242 3739 314 3787 rem
341 3743 381 3787 ac
411 3725 629 3803 defenderem,
652 3727 705 3791 vel
733 3727 897 3810 ejicerem,
923 3727 977 3791 vel
1007 3746 1206 3790 revocarem.
1252 3726 1352 3790 Illam

245 3825 331 3893 enim
351 3829 528 3894 multorum
546 3829 774 3894 morositatem
787 3835 822 3893 et
842 3828 941 3912 quasi
966 3828 1245 3912 superstitionem,
1272 3849 1350 3911 quae

245 3929 393 4012 religioni
407 3932 472 3995 sibi
489 3933 593 4010 ducit,
608 3934 712 3998 verba
724 3933 779 3995 vel
798 3933 973 3996 manifesto
998 3937 1156 4014 corrupta
1175 3937 1207 3997 et
1229 3931 1350 3997 idoneo

243 4049 346 4096 sensu
361 4035 507 4098 carentia
522 4054 597 4098 cum
620 4035 723 4110 sanis,
751 4036 852 4117 aptis,
866 4041 899 4099 et
913 4034 1015 4117 poeta
1030 4034 1138 4116 dignis
1153 4040 1352 4118 permutare,

246 4151 313 4197 uon
336 4134 444 4200 minus
468 4134 676 4219 probandam
689 4140 785 4219 puto,
811 4155 913 4220 quam
934 4137 1073 4201 aliorum
1095 4137 1208 4215 inboc
1231 4142 1353 4213 conatu
1448 4188 1454 4197 .
