3059 4925
494 356 632 422 onnon,
655 356 702 408 nr
723 355 949 409 sorranus.
1202 338 1268 410 tot

209 503 277 572 His
289 502 490 589 temporibus
501 503 617 569 rirrere
631 502 811 582 Pansrns,
837 504 897 590 qni
909 521 1013 570 annos
1029 501 1089 569 rix
1101 499 1268 569 duodetri-

164 606 257 689 ginta
269 610 369 672 natus
381 607 465 672 obiit
475 623 561 672 nono
575 605 716 690 imperio
726 604 874 671 Neronis
885 624 984 684 anno,
993 610 1026 670 et
1035 603 1267 684 Jnvnutnrs,

166 707 224 793 qni
238 709 466 790 octogenarius
480 708 524 773 ab
539 706 714 772 Hadriano
738 708 774 772 in
788 707 971 793 AEgyptum
984 708 1106 771 missus
1117 711 1150 771 et
1162 706 1269 791 paulo

165 815 244 894 post
261 814 411 875 mortuns
425 815 488 875 est.
531 809 594 876 Illo
607 809 795 876 Volaterris
817 811 853 874 in
872 809 1006 874 Etruria
1025 807 1130 874 nobili
1153 826 1271 891 genere

161 911 275 991 'natus
298 913 487 997 opibusque
499 913 630 995 magnis
641 912 833 991 murrina,
852 909 1105 997 postea'Rcmae
1120 908 1270 994 discipli·

164 1031 210 1078 na
222 1031 306 1078 nens
320 1018 370 1078 est
386 1013 588 1080 Paloemonis
597 1014 742 1098 primum
757 1013 964 1098 grammatici
976 1018 1011 1080 et
1023 1009 1174 1095 Verginii
1188 1009 1270 1076 itur

164 1114 316 1194 rhetoris,
329 1116 373 1179 ab
387 1135 474 1181 anno
488 1122 600 1185 autern
614 1116 725 1181 aetatis
739 1115 871 1181 docimo
884 1119 982 1179 sexto
995 1112 1116 1179 Annaei
1131 1111 1270 1179 Cornuti

165 1217 356 1301 philosophi
370 1218 488 1297 Stoici,
503 1220 599 1306 cnjus
611 1218 706 1285 lateri
720 1218 864 1284 adhaesit
877 1223 1048 1302 pomino.
1085 1214 1165 1283 Fuit
1177 1234 1271 1283 vere-

166 1317 300 1383 cundiae
323 1319 502 1403 virginalis,
523 1318 570 1406 (si
594 1320 755 1386 Suetonio
778 1320 833 1386 vel
857 1319 987 1385 auctori
1001 1319 1082 1384 vite
1095 1316 1171 1404 ejus
1186 1315 1271 1383 fides

166 1418 337 1506 habenda)
352 1421 472 1487 mentis
485 1441 653 1505 generosae
675 1427 710 1487 et
721 1421 766 1487 ed
781 1422 988 1487 severitatem
1001 1419 1176 1505 pronioris,
1198 1437 1273 1484 mo-

167 1540 241 1585 mm
255 1522 550 1602 sanctissimorum,
564 1523 622 1588 nni
636 1542 754 1608 aequus
768 1523 882 1590 virtuti
895 1527 929 1588 et
942 1527 1101 1589 constans
1114 1521 1273 1588 vitiorum

167 1621 286 1700 bostis,
311 1623 372 1689 eorl
390 1623 520 1690 felicior
532 1625 617 1690 forte
632 1623 780 1690 Zenonis
793 1629 828 1690 et
840 1622 1033 1710 Chrysippi,
1055 1642 1157 1709 qnam
1171 1622 1274 1689 Luci-

167 1723 205 1788 lii
217 1730 253 1789 et
267 1724 401 1790 Horatii
412 1726 568 1792 inritator.
604 1725 726 1791 Satirae
742 1725 816 1811 ejus
825 1745 905 1805 non,
915 1732 952 1792 nt
966 1726 1176 1806 Horatiana,
1190 1744 1272 1792 mox

168 1825 204 1892 in
217 1827 338 1909 ringus
352 1827 542 1907 edebantur,
562 1828 624 1894 sed
640 1828 780 1911 singulae
795 1828 913 1894 amicis
927 1834 1067 1907 tantm,
1083 1828 1203 1913 quibas
1216 1845 1274 1893 ea·

170 1923 246 1993 dem
261 1933 334 1993 erat
346 1949 450 2009 mens,
470 1929 559 1995 etde
573 1930 795 2014 quorumfirle
817 1930 886 2014 ipsi
900 1930 1087 2009 constabat,
1112 1926 1273 2007 Cornuto,

170 2026 294 2108 Basso,
318 2028 430 2096 Plotio
453 2028 607 2096 Macrino
621 2037 654 2098 et
668 2032 755 2111 aliis,
778 2032 1033 2110 innotescebant,
1055 2035 1218 2095 etonrnes
1231 2047 1275 2095 eo

171 2128 303 2194 demum
315 2135 446 2196 mortno
458 2131 722 2217 divulgabantur,
741 2152 842 2218 qnam
855 2132 899 2199 ob
914 2151 1051 2199 cansam
1064 2131 1167 2197 bbere
1180 2132 1275 2215 pote·

172 2236 224 2306 rat
236 2231 395 2311 scribere,
417 2232 779 2320 quiequidvindigoetio
797 2233 946 2302 heare
988 2231 1165 2302 iuvenalis
1177 2230 1274 2311 nulli,

674 2475 783 2531 NO'l'AE

171 2598 280 2649 vulnera
290 2616 337 2666 pro
349 2603 470 2655 libertate
486 2605 592 2670 publice
601 2607 705 2673 excepi,
743 2604 969 2659 enlinehrhitant.
1001 2603 1072 2657 Peee
1088 2608 1178 2656 verbe
1197 2600 1277 2655 iicett

171 2674 705 2747 huncocnlumprorobisimpenrli-Haec
743 2686 850 2750 dixisse,
871 2684 949 2751 primi
967 2683 1079 2734 omnium
1103 2683 1278 2748 eloquentiam

171 2752 228 2817 ipsa
241 2756 705 2826 tolerahiheerreut,riurleloqnen-
743 2761 902 2827 perdidistis.
933 2759 1046 2809 levibns
1055 2755 1278 2823 effluetquiuu·

172 2829 236 2905 tisun
253 2830 330 2883 ituris
348 2835 417 2884 riam
433 2834 568 2887 facerent:
592 2850 661 2887 uune
676 2843 706 2889 et
744 2838 821 2889 uibus
842 2836 909 2887 sonis
935 2835 1048 2886 ludibria
1070 2832 1188 2900 quedem
1209 2831 1280 2885 exet·

173 2918 260 2958 rernm
278 2912 390 2976 timore,
411 2919 440 2964 et
458 2913 643 2965 contentionum
662 2928 705 2964 va·
744 2915 824 2965 undo
843 2911 975 2974 effecistis,
992 2916 1023 2960 nt
1044 2923 1137 2974 corpur
1154 2906 1278 2959 orationis

172 2985 278 3043 sissimo
296 2990 408 3055 strepitu
426 2991 474 3041 hoo
490 2995 591 3041 tantum
605 2987 706 3054 protici-
745 2995 915 3041 enerreretnr
924 2993 952 3038 et
966 2985 1083 3037 caderet
1105 2982 1230 3034 Nondum
1235 2982 1279 3048 jn·

173 3070 229 3126 unt,
244 3070 284 3128 ut,
300 3079 359 3116 eum
371 3066 398 3116 in
414 3066 499 3117 iorum
515 3065 644 3129 venerint,
660 3079 706 3129 pu·
744 3080 824 3117 renes
831 3061 1060 3117 decimationibus
1068 3058 1282 3124 conterebantur,

172 3144 232 3191 tent
248 3156 278 3191 se
295 3143 321 3192 iu
339 3143 417 3193 elium
426 3150 552 3193 terrarum
563 3141 652 3193 orbem
663 3140 707 3190 tle·
746 3155 805 3192 euru
815 3138 956 3205 Sophocleo
970 3142 1017 3188 ent
1029 3134 1165 3200 Euripides
1176 3133 1281 3186 iuvene·

28 3234 29 3243 ¹
102 3250 108 3257 -
173 3215 250 3269 latos.
283 3220 319 3269 Et
346 3219 406 3271 ideo
433 3235 482 3286 ego
502 3216 707 3269 adolescentulos
746 3225 809 3270 runt
830 3217 920 3281 verba,
941 3215 1035 3282 quihus
1053 3213 1181 3264 deberent
1200 3212 1281 3280 loqui.

174 3293 295 3344 existimo
311 3294 339 3344 in
356 3295 450 3345 sobolis
465 3293 627 3367 rtnltittimoe
640 3291 708 3355 lieri,
746 3294 869 3348 Nondum
888 3292 1045 3345 umbraticae
1065 3289 1158 3341 doctor
1178 3286 1282 3353 ingenia

175 3371 235 3435 qnia
245 3371 352 3422 nihilex
361 3372 469 3437 baone
480 3372 507 3422 in
518 3370 708 3433 bechehem,
748 3372 892 3434 deleuerat,
905 3385 967 3421 cum
986 3368 1115 3420 Pindum
1135 3378 1282 3432 novemque

176 3454 221 3498 ent
231 3448 349 3513 andiunt,
365 3455 411 3500 aot
426 3448 532 3512 rideut3
548 3446 595 3497 red
609 3446 709 3512 pirates
749 3447 837 3514 Lyrici
847 3444 994 3499 Homericis
1010 3442 1127 3495 renibus
1143 3455 1237 3494 cauere
1249 3440 1282 3492 ti·

69 3590 73 3597 ι
99 3587 103 3595 ¹
177 3536 234 3573 cnm
245 3524 345 3575 cetenis
360 3523 387 3573 iu
402 3523 492 3574 littore
508 3529 616 3585 stanter,
625 3527 654 3572 et
669 3529 710 3587 ty-
749 3529 878 3576 uicerunt.
909 3524 946 3574 Et
962 3536 996 3571 ne
1013 3519 1105 3585 po'e‘tas
1124 3518 1228 3586 quidem
1247 3516 1282 3568 ad

177 3612 270 3650 nunus
285 3600 374 3651 edicta
392 3600 544 3663 scribentes,
557 3598 649 3664 quibos
663 3599 711 3648 iur-
749 3599 926 3652 testimoninm
936 3598 1024 3661 citem,
1034 3602 1107 3648 certe
1122 3609 1208 3662 neque
1220 3593 1283 3644 Ple·

178 3675 497 3741 pereutiiliis,utpatrnnr
509 3675 712 3739 snorumcapita
750 3683 822 3741 tona,
842 3690 927 3741 neque
948 3673 1151 3725 Demosthenem
1173 3669 1206 3721 aii
1233 3671 1283 3721 boc

180 3752 340 3817 precident3
357 3754 403 3803 sed
417 3767 541 3817 responsa
551 3753 577 3802 iu
589 3752 711 3816 pestilen-
751 3767 833 3817 genas
843 3748 1036 3801 exercitationis
1046 3747 1186 3798 accessisse
1197 3745 1283 3796 rideo.

173 3829 216 3881 ,tia
233 3827 344 3893 detaut
362 3829 474 3893 virginer
490 3834 545 3878 trae
562 3832 608 3877 aut
624 3828 712 3892 plures
750 3827 874 3890 Grandis,
883 3831 919 3890 et,
929 3830 960 3876 nt
969 3825 1007 3875 itt
1018 3823 1112 3888 diurn,
1122 3822 1284 3888 pudieeora·

181 3904 362 3967 inminutum
385 3905 432 3955 seu
446 3903 559 3955 mellitos
574 3901 713 3952 verborum
750 3905 789 3956 tlo
799 3918 849 3954 non
860 3908 901 3953 est
910 3900 1042 3952 urseolus·
1053 3913 1103 3951 nee
1113 3896 1226 3961 turgide,
1237 3894 1284 3946 red

181 3982 304 4047 globulos,
324 3988 354 4032 et
379 3981 466 4031 omnis
491 3980 563 4030 dicte
589 3978 712 4045 laeteque
750 3979 862 4030 natureli
872 3976 1063 4043 pulchritudine
1072 3974 1196 4038 exsurgit.
1228 3971 1285 4022 Nu·

181 4059 255 4123 qussi
266 4063 642 4122 peperereetresemoeparsa.
659 4055 713 4108 Qut
750 4052 1019 4121 perrenasshthse
1035 4056 1064 4102 et
1078 4048 1188 4100 enormis
1198 4048 1286 4114 loque·

185 4128 251 4186 iuter
268 4135 326 4185 hac
340 4135 496 4198 nutrimur,
505 4147 558 4184 non
574 4133 657 4197 ωιςίε
674 4146 714 4182 su·
751 4131 818 4183 cites
833 4129 956 4180 Athenae
969 4141 1003 4177 ex
1019 4124 1083 4177 hait
1097 4122 1285 4189 commigravit,

185 4225 245 4279 pere
254 4219 455 4281 possuntquum
463 4211 530 4263 bene
541 4211 624 4276 olere,
631 4209 713 4276 quiin
753 4207 901 4274 minotqne
917 4205 1044 4270 juvenum
1064 4200 1098 4253 etl
1118 4202 1212 4268 irrigue
1231 4213 1286 4255 sur·
