3059 4925
579 331 832 387 norrnrronurr.
1210 317 1259 390 79Ἰ

142 479 430 565 conparationem
453 498 520 548 nnn
541 482 730 550 admittunt.
775 483 855 550 Nou
869 477 970 550 etiam
984 475 1253 572 repugnabimus,

151 582 184 644 si
195 583 272 666 quis
286 581 670 665 contenderimimium,
693 594 727 653 et
740 579 912 673 praecipue
935 579 1102 655 Lucilium
1114 592 1255 676 ejrrsqua

151 683 344 766 imitatores,
367 681 506 754 duxisse
530 690 659 755 colores
685 691 851 775 quosdam
872 696 906 755 et
928 693 1016 757 sales
1039 693 1189 759 hausisse
1211 713 1255 757 ex

151 783 347 853 Graecorum
360 795 470 856 actore
491 791 668 870 comoedia,
682 799 729 873 (v.
751 793 869 859 Horat.
891 792 961 859 Sat.
978 812 1003 860 ι.
1018 796 1052 859 4.
1068 796 1099 861 1.
1114 816 1184 881 seq.
1200 796 1255 861 10.

151 889 296 975 lnnqq.
319 890 415 960 Pers.
424 883 456 958 ἰ.
471 894 546 960 123.
561 893 630 981 sq.)
644 895 784 973 lambis,
795 897 898 974 siliis,
910 903 943 961 et
956 896 1077 990 fabulis
1092 901 1257 984 satyricis.

151 989 280 1057 Verum
293 1001 472 1079 propterea
482 1013 545 1062 nco
561 987 673 1063 Graeoi
684 985 819 1063 satiras
833 999 1021 1082 scripsisse,
1035 1019 1096 1066 nec
1111 987 1256 1067 Romani

150 1093 213 1159 bas
225 1095 294 1160 illis
308 1104 463 1182 acceptus
476 1100 627 1164 retulisse
641 1100 797 1165 censendi
819 1108 905 1166 sunt.
950 1097 1257 1169 Praeterea'ltoma·

151 1215 240 1276 uam,
255 1216 322 1264 nou
344 1199 513 1279 Graeoam,
538 1201 656 1267 Satirae
681 1204 841 1287 originem
863 1202 979 1284 fuisse,
1003 1225 1046 1270 ex
1071 1206 1211 1278 historia
1223 1211 1258 1271 et

151 1300 228 1384 ipsa
238 1322 370 1387 quoque
379 1304 519 1369 nominis
530 1303 636 1370 sor-ma
642 1307 816 1389 probabile
827 1306 875 1373 tit.
890 1307 1114 1391 Temporibus
1123 1309 1256 1393 priscis,

152 1406 273 1492 quibus
287 1425 349 1471 neo
363 1407 474 1493 Satyri
485 1414 518 1472 et
531 1407 687 1492 Satyrica
700 1408 861 1489 dramata,
871 1429 932 1475 nec
940 1411 1011 1476 ulla
1024 1409 1159 1476 Graecae
1173 1408 1257 1496 po’e'·

152 1526 229 1573 snos
243 1527 372 1591 genera,
392 1509 463 1595 jam
485 1510 694 1577 innotuerant
716 1509 893 1590 Romanis,
914 1513 1065 1577 versibus
1092 1499 1257 1578 Saturuiis

149 1608 433 1696 *Fescenninisqno
443 1613 479 1676 in
492 1631 594 1677 scena
608 1614 773 1678 successit
786 1610 917 1691 Satura,
930 1621 966 1678 nt
981 1633 1082 1698 supra
1094 1614 1256 1696 vidimus3

152 1720 186 1777 et
209 1713 285 1778 baec
313 1714 431 1779 deindo
459 1716 639 1799 appellatio
666 1722 800 1801 propter
822 1701 1069 1781 similitudinem
1099 1717 1257 1801 aliquam,

152 1809 227 1897 quae
242 1817 425 1900 argumenti
444 1817 653 1902 potissimum
678 1819 840 1882 varietate
866 1818 1106 1896 continebatur,
1130 1826 1199 1883 tam
1214 1816 1257 1882 ad

152 1916 210 1982 illa
234 1919 414 1983 carminum
439 1939 669 2003 gerremqnae
692 1919 736 1983 ab
760 1918 881 1997 Ennio,
903 1939 1003 2003 quam
1017 1919 1061 1983 ad
1076 1939 1129 1996 ea,
1144 1937 1259 2003 quaa

154 2020 286 2086 Lucilio
300 2022 433 2086 inuenta
443 2020 609 2100 dicuntur,
624 2022 669 2087 ab
683 2024 875 2087 auctoribus
896 2041 1009 2086 eorum
1023 2021 1183 2087 translata
1195 2026 1258 2085 est.

154 2120 331 2189 Fnimvero
349 2143 456 2208 nequa
474 2121 608 2189 Graecis
618 2124 832 2208 scriptoribus
840 2123 915 2189 baec
929 2122 1085 2200 carmina,
1100 2111 1165 2200 vel,
1180 2140 1257 2206 qum

153 2225 253 2309 vulgo
273 2226 318 2290 iis
339 2226 532 2304 tribuuntur,
545 2226 692 2304 nomina,
710 2226 839 2302 Sutura,
856 2221 967 2288 Sotira
989 2229 1024 2289 et
1046 2220 1176 2309 Satyra,
1191 2237 1259 2287 me·

153 2333 333 2407 morantur,
351 2347 459 2412 neque
472 2326 636 2392 Romanis
650 2334 709 2393 aut
725 2326 835 2392 sarira
851 2347 913 2392 sua
934 2345 1081 2411 unquam
1107 2317 1258 2412 satyrice,

155 2431 367 2515 sutsatyrioa
380 2428 577 2495 Graecorum
595 2428 723 2513 pobsis,
745 2449 774 2495 s.
790 2429 902 2496 fabula
923 2449 951 2496 s.
972 2429 1121 2496 dramata
1144 2428 1259 2494 Sotira

153 2534 205 2599 vel
220 2531 345 2620 Satyrs
360 2533 522 2599 dicuntur.
558 2532 704 2597 Romani
717 2551 850 2616 quoquo
861 2533 921 2596 vix
935 2532 1036 2597 ullam
1051 2532 1260 2615 satyricarum

144 2634 348 2722 fabularum,
361 2638 416 2703 vel
428 2637 570 2702 nominis
584 2642 671 2701 certe
685 2636 799 2721 hujus,
823 2637 1022 2702 mentionem
1035 2635 1178 2718 iaciunt3
1200 2655 1260 2702 no·

154 2761 218 2826 que
232 2743 276 2806 ab
294 2741 337 2804 iis
352 2741 497 2805 carmina
515 2738 681 2824 ejusmodi
699 2741 834 2822 scripta,
858 2738 936 2816 (nisi
958 2737 1042 2802 forte
1065 2756 1087 2801 a
1108 2728 1259 2816 Lucano,

153 2845 207 2910 cul
223 2844 380 2934 satyricos
394 2842 516 2908 fabulae
533 2858 613 2907 ιιιν.
636 2841 833 2920 tribuuntur,
853 2860 932 2926 quaa
943 2847 1055 2904 tamon
1072 2837 1260 2921 cujusmodi

152 2944 272 3029 marini
285 2965 349 3010 non
364 2947 521 3024 constat)
542 2950 601 3009 aut
623 2942 734 3029 Satyri
757 2961 905 3026 unquam
920 2940 1041 3005 Romae
1067 2939 1195 3005 inducti
1208 2938 1259 3005 vi·

153 3049 283 3115 (lentur.
328 3046 532 3112 Contrarium
546 3046 737 3112 certemibi
758 3064 827 3109 non
851 3047 1095 3128 persuaserunt,
1110 3042 1169 3126 qni
1183 3059 1260 3126 pro·

151 3156 277 3219 vocant
291 3150 333 3215 ad
346 3149 424 3214 loca
448 3148 584 3214 Horatii
606 3147 671 3233 Ep.
696 3148 739 3212 ad
761 3147 835 3213 Pis.
851 3164 885 3210 v.
900 3145 1059 3212 220-250.
1104 3142 1261 3228 Dionysii

153 3253 269 3319 Halio.
285 3269 352 3317 νιι.
366 3251 420 3318 72.
446 3254 493 3335 (p.
516 3251 594 3316 460.
613 3249 666 3317 ed.
692 3248 847 3315 Hudson.
866 3254 900 3313 et
913 3246 954 3312 Τ.
972 3263 1028 3310 ιιι.
1042 3265 1077 3330 p.
1092 3245 1190 3315 1491.
1206 3242 1258 3310 ed.

153 3355 287 3435 Reisk)
308 3352 463 3420 Athenaei
487 3355 580 3419 v1.7.
604 3349 658 3436 (p.
678 3351 754 3417 261.
769 3338 822 3415 αἱ.
842 3349 950 3431 Lugd.
965 3347 1077 3424 1612.)
1099 3351 1133 3410 et
1156 3345 1260 3413 Marii

152 3456 319 3523 Victorini
332 3456 355 3521 l.
370 3471 420 3519 ιν.
434 3475 468 3540 p.
483 3454 570 3519 2⁶91
584 3453 714 3518 collect.
730 3451 868 3517 Pntscb.
882 3450 1044 3516 Horarum
1054 3449 1077 3513 l.
1092 3448 1116 3512 1.
1129 3466 1197 3512 non
1219 3447 1261 3512 da

154 3557 393 3635 Romanorum,
408 3555 468 3621 scd
482 3556 524 3620 de
539 3554 732 3623 Graecorum
755 3552 877 3618 fabulis
903 3550 1068 3637 satyricis,
1084 3557 1117 3616 et
1130 3550 1172 3614 de
1185 3569 1261 3614 nor·

153 3681 221 3739 ma,
236 3661 282 3725 ad
296 3679 397 3744 qnam
410 3658 477 3724 tuae
492 3658 559 3724 sint
617 3657 758 3740 igendaa,
774 3655 937 3740 judicium
951 3653 1012 3718 sert
1025 3653 1187 3732 criticum,
1201 3650 1260 3721 do·

154 3769 282 3848 oetque,
297 3780 399 3847 qnam
416 3762 576 3826 rationem
594 3756 779 3846 Satyrorum
799 3756 943 3842 scriptor,
966 3754 1019 3841 (v.
1033 3755 1124 3835 aab.)
1138 3755 1170 3818 b.
1182 3775 1213 3820 e.
1229 3755 1261 3817 si

79 3915 82 3923 .
153 3865 226 3955 ipse
242 3865 389 3951 satyrica
402 3864 560 3929 scriberet
574 3861 734 3940 dramata,
749 3858 956 3945 sequendam
964 3863 1135 3945 putaret*0
1173 3856 1258 3922 Dio·

581 4006 584 4013 “
657 4026 764 4080 uoun

188 4160 221 4206 tb
237 4154 334 4219 Karbis
357 4160 433 4219 putat
451 4169 478 4220 p.
490 4158 532 4204 24.
550 4152 688 4203 Horatium
728 4164 803 4200 mone
824 4146 963 4205 tutemus,
982 4143 1099 4194 Hnrdim
1118 4141 1146 4190 in
1160 4140 1259 4193 Com.
1373 4163 1381 4180 ·

158 4231 225 4298 loqui
242 4232 277 4283 rie
292 4231 394 4297 srryrir
405 4231 517 4295 Grecis,
527 4229 619 4281 latino
636 4242 688 4279 ser·
728 4225 837 4290 ethp.
848 4220 995 4287 Horam.
1008 4232 1062 4284 up.
1074 4221 1203 4270 littera
1213 4218 1258 4269 Ps-
