3059 4925
252 349 298 424 84
603 405 607 414 .
680 363 729 412 nr
753 362 941 411 sarrarcrs
999 365 1011 370 ’·

256 548 264 564 ·
299 515 367 584 ΟΝ.
384 514 556 594 Nevitta,
568 514 1057 600 antiquissimus‘Romanorum
1076 513 1189 600 poe'ta,
1212 516 1269 598 qui
1290 515 1360 580 bel-⁵

254 622 324 686 lum
346 621 512 686 Punicum
528 637 564 696 1.,
592 641 658 704 quo
683 620 848 703 stipendia
862 619 997 697 fecerat,
1011 619 1162 683 versibus
1185 617 1360 702 descripsit

253 722 431 800 Saturniis,
458 722 603 790 Satiram
628 741 758 805 quoque
783 723 986 838 composuit,
1011 727 1093 787 teste
1118 721 1219 786 Festo
1233 742 1267 805 p.
1283 721 1359 785 411.

254 824 336 896 edit.
352 824 499 893 Dacerii.
545 823 634 892 Haec
650 843 727 889 vero
746 822 836 888 haud
857 795 957 892 dubie
978 825 1042 889 suit
1063 824 1260 889 dramatica:
1282 843 1360 887 nam

255 926 401 994 Naevius
418 928 490 1011 jam
513 926 589 992 inde
604 926 647 996 ab
661 944 691 989 a.
714 921 759 991 U.
776 946 807 992 c.
833 943 946 992 nxrx.
972 925 1122 1012 adeoque
1144 925 1362 1011 vquadriennio

255 1035 335 1116 post
347 1035 461 1095 natum
476 1028 631 1108 Ennium,
645 1028 778 1093 fabulas
791 1028 893 1108 dedit,
910 1030 960 1116 (v.
975 1028 1063 1095 Gell.
1081 1047 1177 1094 xvrr.
1188 1030 1243 1095 21.
1259 1024 1363 1111 extr.)

256 1140 288 1204 ct
301 1139 449 1200 mortuus
464 1140 514 1199 est
538 1154 569 1198 a.
584 1132 630 1198 U.
646 1155 677 1199 c.
694 1149 834 1200 nxmx.
850 1156 882 1199 v.
899 1134 1039 1204 Hieron.
1054 1134 1089 1197 in
1103 1127 1362 1197 ChronEuseb.

256 1236 300 1304 ad
315 1235 451 1321 Olymp.
461 1237 537 1302 114.
552 1236 611 1300 ubi
625 1236 727 1302 etiam
741 1237 850 1313 tradit,
863 1257 938 1301 eum
953 1238 997 1302 ob
1010 1235 1272 1301 maledicentiam
1287 1234 1365 1298 Sci-

255 1342 348 1425 pioni
363 1338 522 1405 Africano
537 1347 571 1405 et
586 1338 723 1404 Metello
746 1341 890 1404 invisum
907 1340 1024 1419 fuisse,
1040 1345 1073 1404 et
1087 1339 1229 1424 primum
1242 1339 1276 1401 in
1290 1356 1363 1401 car-

257 1463 366 1510 cerem
381 1462 402 1506 a
415 1442 594 1506 triumviris
610 1441 811 1526 capitalibus
825 1443 1023 1527 conjectum,
1039 1443 1157 1507 deinde
1171 1444 1206 1505 in
1222 1441 1364 1506 exilium

249 1552 380 1624 ectum,
395 1564 456 1614 nee
470 1545 547 1612 inde
561 1544 697 1609 rediisse
713 1543 866 1624 Romam,
882 1546 942 1611 sed
958 1545 1069 1611 Uticae
1084 1546 1221 1610 obiisse.
1243 1542 1366 1607 Talem·

257 1667 389 1732 quoque
404 1648 556 1729 suspicor
568 1646 671 1712 fuisse
686 1647 829 1712 Satiram
843 1647 883 1712 L.
899 1648 1193 1731 Pouron1r,quae
1208 1647 1242 1710 in
1267 1650 1368 1710 sexto

258 1750 423 1824 Prisciani
436 1749 521 1815 libro
534 1748 697 1815 laudatur.
741 1749 819 1815 Fuit
833 1751 862 1815 is
877 1750 1100 1816 Bononiensis
1112 1755 1146 1816 et
1160 1749 1365 1814 clarissimus
1414 1825 1416 1830 ‚

257 1852 485 1920 Atellanarum
512 1854 664 1936 scriptor,
689 1874 787 1937 quem
811 1853 963 1919 Velleius
989 1854 1065 1919 Pat.
1082 1871 1122 1917 11.
1137 1853 1171 1919 9.
1218 1850 1367 1916 Sullanis

259 1956 342 2028 dicit
352 1956 556 2040 temporibus
571 1957 708 2036 vixisse,
721 1976 762 2022 ac
779 1958 932 2022 sensibus
946 1956 1050 2021 luisse
1064 1957 1237 2033 celebrem,
1251 1954 1368 2018 verbis

257 2059 383 2138 rudem,
412 2065 446 2124 et
473 2061 619 2138 novitate
647 2060 772 2125 inventi
806 2081 828 2125 a
855 2080 892 2124 se
917 2060 1029 2143 operis
1058 2056 1366 2123 commendabilem·

258 2158 423 2226 Atellanae
448 2161 521 2246 ejus
545 2167 770 2226 memorantur
796 2160 882 2227 Gell.
910 2178 951 2226 x.
970 2162 1026 2226 24.
1050 2178 1120 2227 x11.
1146 2161 1201 2225 lo.
1224 2175 1307 2223 xvr.
1329 2159 1365 2223 6.

261 2280 375 2354 xv111.
390 2265 423 2333 6.
468 2261 525 2335 Ad
546 2264 632 2330 idem
650 2263 732 2331 sorte
755 2263 939 2331 Satirarum
962 2282 1064 2347 genus
1087 2261 1266 2327 referendae
1288 2264 1368 2327 sunt

260 2365 340 2443 illae,
356 2386 439 2450 quas
452 2366 492 2434 T.
509 2364 726 2448 Qurncrrus
744 2365 850 2434 Aura
861 2366 1032 2432 Ciceronis
1047 2369 1286 2450 aetate,preeter
1297 2362 1369 2429 To·

261 2474 354 2553 gatos
368 2469 500 2537 fabulas
514 2475 546 2535 et
557 2469 816 2555 Epigrammata,
827 2472 1001 2556 scripsisse
1014 2472 1212 2555 perhibetur.
1223 2468 1267 2534 V.
1279 2468 1368 2533 Dio-

261 2572 349 2670 tned.
365 2570 592 2654 etMacrob.
637 2658 640 2663 ξ

306 2671 472 2741 Ennianus
489 2673 612 2740 Satires
625 2678 760 2762 scripsit
774 2677 823 2742 M.
839 2679 1049 2756 Pacuvws,
1060 2676 1162 2763 poeta
1172 2676 1318 2758 tragicus
1334 2680 1372 2740 et

260 2780 383 2863 pictor,
399 2777 495 2843 Ennii
519 2799 622 2863 nepos
645 2798 690 2844 ex
712 2800 838 2858 sorore,
861 2782 890 2844 si
913 2779 1024 2845 Plinio
1040 2796 1167 2845 xxxv.
1181 2778 1225 2855 4,
1247 2778 1300 2842 vel
1322 2798 1371 2842 ex

261 2882 342 2962 filia,
358 2883 388 2947 si
411 2883 617 2969 Hieronymo
631 2883 714 2948 fides
736 2883 890 2951 habenda
913 2885 948 2947 in
962 2883 1080 2961 Chron.
1095 2881 1216 2947 Euseb.
1232 2878 1370 2964 Olymp.
1429 2922 1444 2938 .

263 3003 361 3050 cnvr.
387 2986 419 3051 3.
444 2986 501 3049 ubi
526 2986 557 3049 is
580 2986 644 3051 hoc
667 3006 752 3050 anno
772 2988 867 3052 illum
893 2987 1065 3051 Brundisii
1088 2989 1200 3049 natum
1224 3001 1309 3060 esse,
1336 2987 1371 3047 et

262 3107 369 3174 prope
396 3088 652 3170 nonagenarium
678 3089 813 3155 Tarenti
836 3091 959 3154 obiisse
982 3089 1087 3155 refert.
1146 3085 1369 3158 Utrumvero

262 3190 411 3277 pressius
425 3189 522 3253 Ennii
536 3191 679 3273 vestigia
691 3195 898 3274 persecutus,
922 3213 964 3255 an
979 3191 1115 3277 proprio
1129 3188 1269 3272 consilio
1282 3204 1386 3282 usus·

185 3323 187 3328 ·
263 3274 396 3370 sitnon
410 3295 555 3357 constat:
578 3294 657 3375 quin
671 3293 843 3358 satiricum
868 3313 999 3377 quoque
1022 3291 1155 3376 pettam
1174 3308 1248 3354 eum
1262 3287 1373 3352 fuisse

263 3394 500 3477 ignoraremus,
515 3394 580 3458 nisi
596 3394 630 3459 id
645 3395 813 3459 docuisset
825 3415 889 3459 nos
908 3393 1087 3459 Diomedes
1100 3393 1159 3458 lib.
1176 3407 1232 3454 111.
1247 3390 1369 3474 pesa

262 3496 316 3565 cd.
332 3495 469 3563 Putsch.
484 3498 579 3581 cujus
600 3497 703 3560 verba
713 3496 787 3580 jam
802 3517 906 3581 supra
918 3497 1142 3562 laudavimus:
1166 3492 1281 3557 ‘Olim
1296 3483 1370 3556 car?

263 3620 349 3678 rnen,
365 3599 455 3684 quod
469 3620 516 3665 ex
537 3600 641 3667 uariis
665 3599 877 3683 pedmatibus
892 3601 1080 3678 constabat,
1096 3598 1209 3675 Satira
1220 3596 1370 3661 vocata..

263 3707 328 3779 tur,
356 3701 453 3784 quale
481 3702 682 3786 scripserunt
710 3701 884 3767 Pacuvius
912 3709 946 3766 et
969 3699 1119 3768 Ennius?
1172 3697 1371 3763 Pacuviana

264 3804 400 3891 quidem
427 3809 599 3871 servanmt
622 3803 752 3883 Cicero,
779 3803 834 3883 (de
857 3804 937 3871 Div.
954 3822 979 3869 1.
995 3806 1049 3869 57.
1065 3809 1098 3868 et
1122 3802 1166 3866 ad
1180 3800 1308 3864 Heren.
1327 3815 1369 3863 11.

264 3909 334 3986 23.)
377 3905 508 3973 Gellius
530 3907 638 3985 (1.24.
664 3923 706 3970 11.
721 3906 777 3971 26.
802 3923 853 3970 rv.
868 3907 921 3971 17.
946 3923 1001 3970 1x.
1017 3905 1071 3970 14.
1093 3921 1177 3968 x111.
1201 3903 1234 3967 2.
1258 3902 1290 3967 8.
1313 3901 1371 3966 29.

268 4025 349 4075 xlv.
365 4006 427 4094 1.),
441 4010 559 4077 etalii:
582 4009 641 4075 sed
656 4009 729 4073 haec
743 4010 978 4092 tragoediarum
994 4007 1068 4093 ejus
1083 4007 1137 4070 vel
1150 4004 1373 4088 epigramma-

266 4115 349 4190 tum,
367 4131 432 4176 non
453 4111 638 4191 satirarum,
661 4110 845 4194 fragmenta
866 4105 952 4176 sunt'
965 4115 999 4175 et
1019 4109 1117 4176 tituli.
1161 4107 1215 4172 Dc
1238 4104 1374 4201 ingenio
