3059 4925
638 368 779 419 ssrrns
803 367 828 417 1.
896 368 901 381 ·
1218 351 1282 420 147

177 513 388 593 Quadriviol
410 537 485 582 cnm
495 514 574 602 jam'
583 521 680 581 sexta
694 517 824 580 cervice
838 510 959 579 seratur

181 616 271 683 Hinc
285 626 385 703 atque
399 620 475 684 iude
490 628 618 704 patens,
634 618 781 684 ac'nuda
794 637 891 702 paena
906 610 1074 694 comedin
1237 617 1282 682 65

169 831 237 882 illinc
253 837 277 883 et
297 834 384 884 mitae
398 850 523 901 appareas,
541 840 612 899 utque
627 835 685 884 sellu
699 849 772 897 prope
786 835 906 883 maduo
932 848 1018 883 menos
1041 849 1180 898 mopere
1194 851 1282 902 repra·

634 979 782 1001 euoenon
785 980 814 1000 Ν

173 1107 205 1152 or
224 1104 360 1161 maram
377 1109 469 1157 reru.
484 1109 677 1157 nunu-wc
692 1096 1116 1157 unsara-oo'ureceruesouo.
1150 1108 1281 1160 Marmore
1374 1176 1378 1181 Ι

670 1259 783 1311 NOTAE

171 1361 330 1406 occurrente
337 1355 417 1421 justa
433 1356 616 1422 indignationis
626 1365 654 1408 et
665 1357 710 1407 Sa·
751 1356 800 1406 uia
815 1355 927 1421 regibus,
943 1356 1040 1406 lectica
1057 1358 1200 1422 octopboro
1215 1357 1281 1409 fere·

172 1430 230 1481 tiras
252 1434 369 1493 materia,
389 1433 415 1481 iu
437 1434 532 1497 plateis
551 1449 599 1497 per
619 1435 709 1486 urbem
751 1433 846 1498 batur,’
864 1434 960 1499 inquit,
975 1436 982 1462 ‘
997 1435 1152 1499 inquaerat
1163 1435 1283 1498 pulvinus

169 1506 321 1558 ambulanti
338 1509 407 1560 mihi.
423 1511 483 1572 Vel,
502 1512 528 1560 in
546 1511 604 1576 ipso
616 1513 708 1576 populi
750 1509 906 1573 pellucidrrs,
918 1525 976 1560 rosa
991 1510 1092 1560 furuis)
1120 1510 1157 1561 At
1169 1512 1237 1575 qrrod
1249 1510 1283 1560 ad

172 1586 285 1635 tumultu
304 1585 400 1650 medio,
417 1587 443 1636 in
461 1588 612 1653 quadriviis,
629 1587 707 1638 facile
750 1601 805 1637 rem
823 1593 979 1651 praesentem
998 1588 1078 1651 magis
1097 1587 1170 1652 facit,
1186 1589 1284 1653 duplex

171 1658 272 1709 Satires
285 1660 405 1725 scribam,
415 1676 463 1712 nec
476 1663 554 1712 animi
566 1664 708 1729 tranquilli·
748 1668 806 1713 erat
825 1663 935 1713 lectica:
956 1664 1041 1713 altera
1061 1673 1162 1728 aperta,
1182 1665 1214 1714 de
1232 1681 1284 1731 qua

172 1742 254 1786 tatem
272 1743 301 1786 et
318 1751 448 1787 secmsum
468 1739 581 1804 requiro,
599 1749 628 1789 ut
644 1741 707 1789 alias
747 1740 790 1791 bic
807 1740 957 1800 iuvenalis3
990 1742 1074 1791 altera
1095 1748 1175 1803 tecta,
1193 1749 1286 1792 contra

171 1810 230 1862 lieri
240 1813 317 1876 solet,
327 1813 392 1862 adeo
409 1813 515 1878 copiosa
526 1829 601 1880 seges
617 1823 668 1877 est,
680 1822 709 1865 et
747 1817 856 1882 injurias
869 1817 944 1880 aeris,
956 1824 983 1867 et
998 1817 1127 1867 hominum
1139 1828 1284 1883 aspectum.

168 1889 243 1953 justa
251 1889 394 1954 indignatio
403 1891 484 1940 verba
494 1899 522 1941 et
530 1907 619 1942 verens
630 1893 709 1944 abun·
749 1894 826 1945 lianc
835 1895 935 1944 Plinius
944 1908 1053 1945 xxxvrr.
1065 1899 1088 1944 2.
1100 1895 1285 1945 animumsta-

173 1965 401 2031 dantersuggerit.
748 1973 836 2022 lorium
862 1982 954 2034 νοοίης
981 1975 1087 2038 loquens
1110 1973 1142 2022 de
1171 1976 1297 2035 Nerone„

208 2045 284 2093 Ceras
302 2043 400 2107 implere
420 2046 528 2110 capaces]
558 2046 652 2097 Libros
673 2047 710 2096 in·
749 2051 888 2115 ‘Sceptra,
900 2065 1032 2114 personas,
1047 2057 1074 2100 et
1091 2049 1210 2101 cubicula
1234 2050 1286 2099 ria·

174 2126 261 2183 tegros
273 2120 401 2184 implere,
422 2138 469 2172 seu
488 2124 587 2187 amplas
607 2123 709 2173 tabulas
749 2127 820 2176 toria
831 2126 968 2176 unionibus
989 2124 1175 2188 construebat,'
1192 2125 1285 2191 iuquit.

173 2204 287 2260 ceratas,
298 2197 423 2262 inquibus
432 2198 540 2265 Antiqui
549 2201 709 2262 scribebant,
750 2205 787 2254 Et
797 2204 904 2254 Suetou.
923 2204 1019 2254 Octar.
1039 2218 1063 2252 c.
1081 2207 1122 2253 78.
1135 2207 1223 2251 narrat
1234 2202 1287 2252 Au·

174 2278 205 2322 ut
215 2273 294 2323 docet
303 2275 464 2337 Priscianus,
476 2278 563 2327 etalii.
580 2278 711 2327 Demem·
750 2287 865 2345 gustum,
876 2295 935 2330 cum
947 2279 1076 2344 pervices
1093 2268 1286 2343 deportaretur,

174 2350 261 2399 branis
270 2357 299 2423 et
309 2365 410 2415 papyro
422 2352 491 2402 Plin.
501 2366 564 2402 xrrr.
577 2358 616 2405 11.
626 2361 653 2405 et
665 2358 702 2404 la.
751 2357 834 2407 somni
853 2356 1022 2421 indigentem,
1044 2355 1165 2420 deposita
1184 2354 1288 2417 lectica,

177 2425 181 2436 ’
206 2431 238 2477 64
262 2428 406 2494 Quadrioio]
432 2430 515 2480 Locus
534 2437 574 2481 est
590 2431 710 2496 publicus
750 2433 883 2486 interdum
906 2447 953 2498 per
973 2434 1071 2499 aliquas
1091 2446 1174 2486 morus
1196 2432 1289 2481 dormi·

173 2506 201 2558 in
210 2522 289 2572 quem
300 2508 349 2557 viae
361 2515 473 2572 quatuor
483 2518 651 2560 concurrunt.
750 2511 827 2561 risse.
857 2510 921 2564 Erat
933 2523 1012 2573 porro
1026 2507 1123 2560 lectica
1140 2514 1211 2558 tecta
1231 2509 1288 2558 velo

161 2603 164 2606 ·
209 2583 618 2651 Cumjumscxtscsroicsferntur]
645 2586 711 2637 Cum
750 2594 779 2637 et
790 2585 859 2651 pelle
871 2585 980 2647 munita,
989 2584 1098 2650 plagulis
1114 2584 1146 2633 ad
1159 2582 1296 2633 fenestras-

174 2660 288 2724 superbe
315 2660 428 2724 incedat,
452 2667 481 2711 et
501 2663 611 2713 vehatur
635 2661 713 2713 hexa·
751 2658 1288 2728 appositis,quasremovereluseratcnm

175 2737 266 2801 phora,
275 2751 321 2786 sen
333 2737 429 2788 lectica
440 2752 486 2788 sex
497 2737 598 2790 famulis
610 2747 713 2804 gestata
752 2742 852 2792 libebat
862 2743 1012 2807 prospicere
1025 2740 1134 2792 volenti,
1159 2739 1239 2790 Patet
1255 2754 1288 2789 ex

174 2815 250 2865 bomo
272 2813 423 2879 flagitiosus,
451 2822 481 2867 et
497 2818 552 2882 jam
572 2817 710 2881 delicatus,
751 2817 919 2870 Sueton‘llt.
927 2834 952 2868 c.
961 2817 1021 2866 1⁰.‘
1032 2817 1096 2867 Cum
1104 2816 1199 2867 lectica
1209 2823 1290 2865 trans·

174 2890 218 2955 qui
246 2904 347 2953 proper
373 2891 435 2940 olim
457 2898 486 2941 et
510 2892 627 2957 abjectus
644 2900 711 2944 erat.
751 2894 874 2959 serretur,
900 2893 1021 2957 suspexit
1048 2892 1151 2942 dimotis
1178 2892 1289 2956 plagulis

175 2966 241 3018 Quis
252 2981 317 3016 vero
333 2967 393 3016 ille?
417 2966 460 3018 Au
472 2968 622 3033 Tigellinus,
633 2984 711 3036 aquo
752 2969 864 3019 culum!
896 2968 931 3018 Et
944 2968 1059 3018 Martial.
1079 2968 1290 3034 1.11..Epig.9e.

175 3039 298 3091 feruntur
316 3043 401 3107 patmi
418 3050 471 3095 tres
489 3059 590 3095 veneno
605 3045 712 3110 sublati,
752 3047 880 3097 ‘Lectica
897 3060 945 3096 uec
963 3052 989 3096 te
1008 3051 1066 3098 tnta
1081 3046 1159 3111 pelle,
1170 3048 1293 3118 veloque,

176 3126 302 3184 corrupta
320 3120 423 3170 illorum
443 3127 609 3186 testamenta,
625 3129 653 3172 et
669 3136 713 3172 oc·
752 3124 811 3180 Nec
828 3121 971 3174 vindicabit
989 3122 1055 3172 cella
1071 3121 1167 3186 saepius
1184 3121 1291 3176 clausa!

175 3202 274 3259 cupata
292 3196 454 3246 haereditas?
476 3195 520 3247 Au
539 3198 578 3248 M.
596 3198 712 3262 Regulus
753 3197 874 3266 Aufidius
890 3199 985 3249 Bassus
1004 3199 1037 3249 de
1058 3205 1144 3249 morte
1155 3199 1292 3252 Ciceronis

175 3271 298 3337 bipedum
311 3272 490 3337 nequissimus,
505 3279 536 3322 ut
550 3273 650 3323 Plinius
667 3275 713 3335 ait,
754 3278 781 3327 in
804 3276 900 3327 lectica
920 3282 994 3326 tecta
1013 3274 1158 3341 interfecti,
1179 3277 1292 3327 ‘Cicero

175 3347 319 3398 condendis
330 3347 403 3398 falsis
416 3349 510 3399 tabulis
519 3354 547 3399 et
559 3351 714 3401 testimoniis
755 3352 860 3418 paulum
872 3357 972 3401 remoto
983 3351 1053 3416 uelo,
1063 3351 1153 3402 videns
1168 3360 1292 3413 armatos,

175 3424 303 3488 famosns;
323 3426 366 3491 qni
384 3441 418 3475 ex
433 3441 549 3493 paupere
560 3429 670 3478 ettenui
682 3429 715 3480 ad
757 3431 814 3494 Ego
834 3443 895 3482 vero
913 3429 1035 3491 euaristo,
1055 3428 1108 3478 ait:
1127 3429 1225 3480 accede
1242 3430 1294 3496 Vc·

175 3517 284 3567 magnas
307 3517 370 3566 opes
393 3517 441 3566 per
461 3501 563 3568 flagitia
580 3505 718 3571 processit,
757 3513 859 3571 terane,
870 3507 938 3556 eeu
953 3506 1002 3560 boc
1022 3513 1098 3570 potes
1116 3507 1209 3576 saltem
1220 3513 1293 3555 recte

175 3578 307 3634 &cPlin
329 3579 347 3628 l.
359 3592 390 3630 ιι.
402 3580 451 3643 Ep.
463 3583 504 3630 20.
578 3629 580 3632 ,
758 3582 857 3646 facere,
875 3582 961 3634 incide
979 3582 1127 3635 cervicem!
1155 3575 1222 3633 Haec
1240 3583 1293 3633 ille.

208 3664 240 3709 6⁵
264 3657 579 3725 Hiscolqaeirrdepatsrrs]
614 3658 716 3723 Aperta
759 3658 869 3709 Lectica
880 3659 924 3724 qui
932 3658 1075 3710 vehebatur
1080 3658 1188 3725 jacebat
1199 3659 1225 3707 in
1237 3660 1293 3724 pul·

176 3750 210 3788 ex
233 3742 346 3800 utroque
362 3736 446 3785 latere
463 3737 568 3799 lectica,
588 3751 616 3787 se
631 3743 716 3786 osteu-
756 3738 817 3787 vino
828 3736 972 3800 resupinus.
1006 3736 1131 3786 Petetex
1146 3738 1204 3787 loco
1221 3737 1295 3788 Cice·

177 3821 244 3866 taus.
267 3813 328 3863 Non
339 3812 442 3878 pigebit
452 3813 534 3863 multa
543 3813 585 3864 bic
598 3814 630 3863 de
643 3813 716 3863 lecti·
757 3811 828 3861 rouis
840 3812 983 3861 anerrem
992 3811 1083 3864 citato.
1104 3813 1172 3863 Item
1183 3812 1261 3863 Orid.
1274 3826 1295 3862 1.

178 3906 211 3939 ca
221 3890 363 3940 observare
380 3903 439 3939 curn
450 3890 552 3940 emdito
563 3890 641 3942 Justo
657 3889 717 3953 Lip·
757 3889 792 3938 de
803 3886 880 3940 Arte.
904 3888 1029 3939 ‘Interea
1041 3889 1095 3940 sire
1113 3890 1157 3939 illa
1168 3891 1242 3940 thuro
1254 3904 1294 3938 re-

177 3966 226 4028 sio,
234 3966 388 4015 Electorum
401 3978 419 4015 r.
431 3969 471 4015 19.
484 3965 563 4015 Mitto
572 3965 641 4032 qnod
650 3980 717 4014 mor·
756 3967 848 4029 supina
857 3964 967 4026 leretur,
978 3967 1111 4018 Lecticam
1123 3967 1231 4017 domiuae
1244 3967 1294 4017 dis·

178 4043 230 4092 tuis
252 4056 327 4106 reque
345 4055 376 4090 ac
399 4039 465 4090 viris
488 4040 601 4091 serendis
622 4043 648 4091 in
667 4056 717 4089 risu
757 4043 910 4096 simulanter
930 4043 992 4093 adi!
1032 4045 1165 4095 Lecticam
1184 4044 1231 4094 soli
1252 4045 1295 4094 lio·

178 4119 276 4170 inerit:
297 4119 416 4184 quodque
435 4116 555 4167 videntur
567 4134 581 4168 e
594 4118 714 4182 Bithynis
756 4120 840 4170 mines
859 4121 998 4185 portabant
1015 4122 1060 4186 qui
1080 4120 1207 4172 lecticarii
1226 4124 1295 4174 servi

181 4203 227 4246 aut
248 4195 450 4261 Cappadocibus
473 4195 566 4258 petita.
600 4195 667 4243 Tull.
686 4195 713 4244 in
754 4196 926 4248 dicebantur:
948 4213 1077 4263 nunquam
1093 4212 1154 4248 rero
1165 4198 1297 4263 jumenta.

180 4272 290 4323 Verrem
301 4277 326 4322 6.
349 4271 437 4322 ‘Nam
449 4277 479 4321 ut
494 4285 549 4321 mos
564 4270 613 4322 suit
624 4272 715 4337 Bithy·
753 4275 831 4327 Unde
843 4278 934 4332 laeram
953 4284 1067 4330 mentem
1080 4283 1108 4327 et
1126 4276 1245 4343 supinum
1256 4293 1309 4332 er·-
