3059 4925
615 306 825 361 nonnemo.
1227 293 1271 370 la

163 467 291 550 vulgari
313 462 528 534 humanitatis
556 463 713 548 exemplo
737 469 787 529 tot
815 459 926 547 poete
952 466 1193 550 exemplarium
1216 466 1273 544 vel

162 569 334 637 varietatis
348 586 470 644 eorum,
500 567 543 630 ab
564 566 650 650 ipsis
675 570 856 649 excerptae,
880 564 1014 650 copiam
1039 567 1121 632 mihi
1144 568 1271 650 fecere3

162 674 222 757 qui
237 672 396 756 opiperus
409 675 592 755 apparatus
613 690 656 734 ne
676 670 800 734 frustra
821 667 902 732 mihi
916 671 1092 753 contigisse
1106 671 1273 738 videretur

164 773 347 838 cavendum
364 778 459 844 eret.¹
505 772 639 837 Novem
660 790 797 857 qnoque
812 770 1013 834 recensionem
1037 771 1196 838 adornare
1216 793 1273 839 eo·

162 876 278 954 nabar,
293 895 432 959 eamque
446 875 587 959 promisi
601 875 636 937 in
650 875 744 938 titulo
757 873 844 938 libri.
891 872 981 937 Haec
996 893 1073 939 vero
1087 876 1158 938 sine
1173 895 1272 940 ecou·

162 982 237 1042 ratu
250 980 407 1055 omnium,
432 982 521 1042 certe
543 978 772 1062 plurimorum,
799 977 954 1042 codicum
971 976 1152 1042 collatione
1165 979 1272 1042 neuti-

163 1099 266 1165 quam
277 1079 393 1165 perfici
404 1083 541 1163 potest.²
580 1078 661 1145 Huc
672 1079 812 1159 eccefflt,
830 1080 922 1165 quod
936 1080 1115 1164 plurimum
1127 1080 1273 1159 interest,

668 1278 779 1336 NO'l'AE

197 1413 213 1460 l
231 1402 372 1463 Ernestiin
381 1411 488 1465 Prmfat.
501 1412 534 1464 ad
543 1412 665 1464 Taciturn
675 1428 702 1477 p.
743 1411 811 1462 ‘bns
822 1411 927 1477 seriptis
940 1412 1069 1479 editisque
1089 1410 1171 1462 omnis
1185 1409 1275 1464 terrio

163 1495 241 1537 mvi.
250 1488 259 1516 ‘
267 1488 465 1555 Superioribus,'
474 1492 567 1557 iuquit,
576 1492 584 1519 ‘
594 1490 704 1554 seculis,
744 1489 752 1518 ‘
764 1491 952 1555 remetietur,
964 1490 1043 1541 etiam
1052 1488 1281 1552 manifestaremur

165 1563 174 1590 ⁴
188 1563 234 1628 qni
250 1564 283 1613 ad
297 1567 469 1617 recensendos
481 1568 622 1632 scriptores
633 1573 704 1617 vete·
744 1567 831 1618 ‘turre
843 1567 908 1617 vitia
925 1574 1092 1618 notarentur:
1112 1565 1182 1615 unde
1198 1578 1277 1630 quen·

165 1639 174 1667 ‘
187 1654 230 1689 res
243 1642 413 1707 accedebant,
425 1645 488 1694 satis
498 1644 638 1707 hebebant,
652 1645 703 1694 Co·
742 1645 817 1695 ‘tum
828 1645 949 1695 utilitatis
960 1643 1145 1695 redundaverit
1153 1642 1186 1691 od
1196 1642 1277 1704 scrip·

164 1716 174 1743 ‘
186 1716 258 1767 dices
270 1719 381 1784 scriptos
393 1727 421 1771 et
432 1722 518 1772 editos
528 1722 663 1772 consulere
675 1722 703 1771 in
744 1722 752 1749 ‘
765 1727 836 1771 tores
849 1729 962 1785 veteres,
979 1736 1030 1771 non
1042 1722 1170 1785 ignorant,
1188 1718 1232 1784 qni
1250 1718 1277 1768 in

165 1793 174 1821 ⁴
186 1793 250 1843 locis
262 1795 303 1859 iis,
319 1797 363 1846 ubi
378 1799 510 1849 berereut
520 1799 580 1864 ipsi,
600 1805 627 1849 et
638 1796 703 1848 dlffi·
743 1797 751 1826 ‘
763 1798 803 1847 bis
813 1799 895 1848 literis
906 1799 1047 1862 diligenter
1065 1804 1125 1847 sont
1140 1795 1278 1848 versati.-

167 1871 294 1922 ‘cultatis
306 1874 404 1939 aliquid
412 1876 546 1941 objectum
556 1882 632 1928 esset.
650 1876 705 1925 Ita·
742 1876 882 1926 ‘Historia
904 1884 992 1927 utitem
1014 1876 1157 1927 editionum
1184 1890 1216 1925 ea
1235 1874 1279 1923 da·

168 1946 239 2013 ‘que
258 1953 361 2000 tantum
378 1952 503 2003 lectiones
515 1953 650 2015 librorum,
670 1953 705 2003 od
745 1951 836 2002 ‘muru
855 1953 926 2003 utilis
946 1959 997 2015 est,
1022 1968 1081 2017 quae
1102 1952 1189 2017 docet,
1210 1951 1280 2002 unde

168 2025 221 2075 ‘ea
242 2028 300 2077 loco
319 2027 430 2080 fortasse
450 2029 607 2096 profuturos,
634 2039 707 2096 pete·
745 2030 892 2095 ‘cujusque
909 2037 997 2080 tentus
1015 2029 1109 2078 ductus
1124 2029 1175 2089 sit;
1191 2035 1280 2078 utrum

166 2100 707 2165 ‘bant,nonuniversamlectionisvsrieta·
746 2106 799 2155 ‘ex
819 2105 870 2155 alie
892 2106 1019 2170 superiori
1048 2105 1186 2168 repetitus,
1210 2118 1243 2152 an
1264 2118 1280 2153 e

169 2177 250 2228 ‘tem
274 2181 352 2230 Eare
364 2183 557 2249 commiserunt,
569 2185 706 2234 noumodo
745 2182 870 2246 ‘scriptis
889 2182 1021 2246 editisque
1041 2181 1114 2231 libris
1134 2180 1167 2230 eb
1187 2180 1281 2230 idoneo

169 2253 219 2304 ‘ot
230 2256 307 2305 iidem
316 2257 377 2306 libri
390 2258 540 2309 consulendi
552 2267 638 2310 essent
655 2260 704 2324 his,
745 2261 753 2288 4
766 2265 873 2309 anctore
891 2258 1058 2309 emendatus:
1077 2257 1170 2322 quibus
1182 2257 1282 2322 ignore·

168 2330 176 2357 ‘
189 2331 232 2395 qui
244 2339 304 2396 post
317 2347 360 2381 eos
371 2334 404 2383 ad
417 2336 588 2385 recensendos
599 2336 703 2387 eosdem
746 2337 755 2365 ‘
768 2337 810 2401 tis,
828 2336 892 2386 nihil
909 2336 1053 2388 editionum
1072 2335 1177 2398 notitia,
1196 2348 1281 2399 neque

168 2407 329 2474 ‘scriptores
340 2411 506 2476 accederent,
519 2414 540 2463 si
553 2413 615 2479 quid
627 2415 705 2465 alicu·
745 2413 754 2441 4
765 2414 800 2464 ad
819 2413 949 2465 delectum
969 2413 996 2461 in
1008 2411 1127 2475 emendo,
1144 2426 1228 2476 neque
1247 2409 1282 2460 sd

168 2485 215 2534 ‘bi
234 2487 292 2537 vitii
313 2489 542 2554 subodorarentur,
559 2491 604 2542 sed
624 2494 706 2545 mults
746 2492 842 2541 ‘osum
856 2492 882 2542 iu
894 2490 1057 2541 emendando
1073 2488 1282 2555 interpretando·

170 2562 179 2591 4
191 2563 270 2613 etiam
281 2564 381 2614 intacta
392 2567 443 2630 ipsi
455 2568 639 2632 relinquerent,
650 2585 707 2634 quse
746 2567 755 2595 ‘
766 2581 827 2632 que,
838 2567 960 2633 prodesse
972 2570 1079 2632 potest.’

169 2636 222 2690 ‘ex
234 2640 324 2691 iisdem
334 2641 408 2691 libris
424 2649 548 2706 poterant
567 2645 707 2697 emendari.
780 2647 796 2692 2
813 2643 902 2706 Digna
922 2648 991 2705 sont,
1012 2657 1069 2706 qnae
1086 2642 1138 2691 bue
1157 2640 1279 2691 transcrl,

170 2713 295 2766 ‘Etenim
320 2733 396 2768 nemo
422 2726 464 2770 est
482 2721 521 2769 ita
539 2722 656 2785 lynceus,
678 2727 708 2772 ut
748 2721 844 2771 bantur
854 2721 934 2771 verba
945 2718 1122 2770 Ill.Wolfiiex
1133 2719 1284 2782 Prolegom.

170 2791 277 2841 ‘omnia
293 2792 419 2845 lectionis
441 2797 553 2860 vulgatae
575 2797 641 2846 vitia
662 2813 709 2848 sne
747 2798 781 2848 ad
799 2798 907 2847 Homer.
922 2797 968 2860 §L
985 2795 1086 2845 ‘Pauci
1101 2808 1224 2844 novarum
1243 2807 1282 2842 re·

170 2865 283 2930 ‘sponte
304 2870 402 2933 videat,
428 2887 478 2922 nec
505 2873 636 2923 interdurn
659 2890 707 2939 pro
747 2875 918 2925 ‘censionem
939 2879 1057 2922 auctores
1074 2872 1113 2920 ita
1128 2877 1217 2936 agunt,
1237 2876 1284 2923 nur

171 2943 272 2994 ‘rectis
283 2947 391 3011 probet,
402 2964 461 3014 quse
473 2951 565 3001 vitiosa
583 2952 644 3015 siut,
662 2958 708 3003 eut
746 2952 826 3001 ‘eam
840 2950 937 3000 laboris
952 2948 1105 3013 patientiam
1116 2945 1237 3010 efferunt,
1254 2952 1284 2996 ot

172 3021 264 3072 ‘velut
273 3024 350 3087 plana
358 3041 388 3075 ac
398 3027 536 3092 perspicue
544 3034 670 3091 transeat,
680 3028 707 3077 in
749 3029 757 3057 ‘
770 3044 804 3077 ex
812 3027 876 3077 locis
888 3027 950 3076 satis
961 3040 1031 3088 saepe
1044 3023 1185 3074 reconditis
1197 3030 1225 3072 et
1234 3022 1285 3075 dis·

172 3100 284 3164 ‘quibus
294 3103 337 3150 alii
348 3110 392 3152 anst
404 3112 548 3167 parumeut
557 3106 619 3153 nihil
631 3106 708 3155 intel·
748 3105 756 3133 ‘
769 3104 877 3168 peratis,
895 3103 922 3152 in
938 3100 1079 3167 primisque
1099 3114 1132 3149 ex
1152 3098 1285 3151 veteribus

172 3176 283 3240 ‘ligant
301 3179 467 3229 casaubonus
478 3181 582 3247 quidem
590 3182 636 3247 (ed
646 3182 707 3231 Sne·
747 3179 755 3206 ‘
768 3178 970 3242 exemplaribus,
1003 3191 1104 3227 onmem
1129 3175 1285 3231 varietatem

175 3252 305 3320 ‘tonium)
314 3254 454 3315 fatebatur,
463 3257 510 3306 sibi
518 3272 589 3322 saepe
598 3257 707 3307 accidis·
747 3256 886 3307 ‘lectionis
914 3254 1078 3317 contrabant,
1112 3267 1162 3318 qua
1189 3252 1284 3305 deinde

174 3327 233 3392 ‘se,
243 3336 348 3394 neque
358 3332 499 3381 clarissima
508 3338 636 3397 putasset,
643 3334 669 3382 in
677 3334 707 3385 iis
746 3345 827 3384 ‘curn
850 3334 961 3398 vulgatis
980 3339 1143 3396 comparata,
1166 3337 1287 3385 constan·

173 3403 707 3475 ‘baereret,cumplanaetperspicueeo·
748 3411 822 3462 ‘tem
849 3410 1056 3461 emendationem
1090 3407 1285 3472 aggrediuntur.

174 3481 247 3531 ‘rum
264 3484 447 3548 interpretatio
467 3494 610 3549 peteretur.
642 3487 708 3537 Inde
748 3488 852 3537 ‘Immo
865 3486 1010 3536 consistunt
1027 3483 1082 3534 fere
1100 3492 1155 3533 tum
1173 3484 1286 3548 demunt,

173 3557 182 3586 ‘
195 3559 273 3609 etiarn
285 3560 324 3624 fit,
340 3568 369 3610 nt
379 3562 489 3611 subinde
502 3562 550 3612 viri
561 3563 642 3627 docti,
654 3571 709 3627 eut,
750 3565 758 3592 4
772 3564 815 3614 ubi
823 3563 973 3626 impeditior
982 3576 1071 3611 sensus
1079 3560 1121 3609 vel
1131 3561 1188 3624 ipsa
1196 3559 1286 3623 speeie

174 3634 182 3662 ‘
194 3636 258 3686 vitio
268 3637 387 3686 lectionis
406 3638 593 3702 animadverso,
608 3642 708 3706 conjec·
749 3637 931 3688 ‘manifestum
940 3637 1031 3686 vitium
1041 3636 1164 3699 objicitur
1173 3654 1180 3698 ς
1187 3637 1243 3699 jorn
1251 3636 1285 3687 od

175 3710 183 3738 ‘
196 3712 260 3761 turis
272 3728 299 3761 se
309 3721 459 3776 exerceant,
472 3723 517 3765 eut
529 3718 661 3781 explicare
673 3719 709 3766 ln·
750 3720 757 3747 ‘
773 3716 855 3766 varias
867 3717 993 3765 lectiones
1006 3721 1051 3764 eut
1063 3714 1097 3762 ed
1113 3721 1188 3764 vetus
1201 3729 1287 3764 exem·

176 3786 300 3853 ‘borent,
323 3790 393 3856 quod
414 3792 534 3841 vitiosum
554 3799 615 3853 est;
649 3793 711 3843 nihil
751 3795 836 3858 ‘plur
852 3791 1015 3855 confugiunt,
1037 3790 1114 3840 surda
1136 3790 1286 3854 plerumque

177 3862 351 3930 ‘laboraturi,
392 3867 413 3916 si
445 3869 569 3918 librorum
596 3877 712 3920 veterum
751 3872 886 3933 ‘oracula‚
905 3870 954 3919 nisi
965 3875 1118 3919 constanter
1133 3866 1288 3917 consulenti·

178 3940 324 3991 ‘lectiones
345 3958 434 3993 ornnes
456 3951 558 3994 notatus
587 3946 713 3996 heberent
753 3949 828 3998 ‘bus
863 3948 957 4012 Neque
977 3947 1087 3996 multum
1104 3945 1206 3994 diversa
1220 3943 1287 3994 ratio

178 4016 186 4044 ‘
199 4018 231 4067 ab
241 4018 281 4083 iis,
292 4018 386 4085 quibus
396 4036 484 4070 eorum
492 4020 602 4070 facultas
612 4020 713 4072 fuisset.
752 4026 761 4055 ‘
774 4034 815 4075 est
835 4039 932 4087 eorum,
949 4022 1003 4088 qui,
1023 4020 1185 4087 quantumvis
1207 4019 1287 4069 inter.

178 4095 186 4123 ‘
198 4096 292 4162 ltaque
308 4099 409 4148 utiliter
426 4100 475 4150 boc
487 4101 634 4151 idltltutum
645 4107 686 4150 est
698 4116 714 4152 a
752 4102 761 4129 4
774 4101 835 4149 dum
844 4100 915 4150 docti
925 4114 956 4149 ac
966 4099 1082 4162 solertes,
1093 4111 1194 4147 omnem
1202 4110 1291 4146 ernen-

177 4173 188 4201 ‘
200 4174 388 4226 recentioribus
400 4177 515 4242 criticis,
536 4184 566 4227 ut
584 4193 599 4227 e
617 4177 713 4253 codici-
753 4182 761 4207 4
774 4178 905 4229 dationem
916 4192 949 4228 ex
966 4176 1065 4243 aliquot
1081 4173 1208 4227 librorum
1220 4174 1286 4227 Mas.
