3059 4925
251 290 318 359 352
602 307 637 354 n.
659 304 764 356 surrrr
788 306 1001 357 surranum

251 449 295 515 ln
309 450 442 527 cestria,
456 454 490 514 et
502 466 578 524 aum
592 452 665 514 tota
679 444 879 530 Carthagine
893 450 1011 533 migra.

295 553 413 631 Parce,
428 572 556 637 precor,
572 550 689 630 Paean,
704 558 738 616 et
751 557 787 616 tu
803 550 879 615 Dea
891 570 979 634 pone
994 552 1144 634 sagittas,

252 653 314 720 Nil
327 657 422 739 paeri
436 654 574 732 faciunt,
590 657 699 739 ipsam
714 653 867 736 configite
879 656 1038 720 matrem!

252 753 421 842 Amphion
436 756 578 821 elamat:
603 755 662 821 sed
677 755 784 821 Paean
799 756 962 822 contrahit
975 776 1102 822 arcum.

252 905 371 970 Amplior
387 903 539 965 vociferatur,
554 905 651 967 indulge
667 920 754 969 grear,
776 904 879 961 etatae
896 911 968 969 tutae
983 908 1032 956 teia
1048 906 1153 968 dimitte,
1170 906 1265 957 Diana.
1298 905 1359 955 atra

252 970 314 1021 aiiii
321 971 479 1034 committant,
486 970 562 1034 ipaera
569 976 693 1034 parmam
704 969 833 1030 emttodite.
852 971 939 1021 Verum
949 973 1034 1036 Apollo
1045 972 1149 1022 iateadit
1159 987 1254 1022 arram:
1265 970 1362 1020 turtum

720 1113 898 1134 ”euoenon

253 1212 347 1262 110112.
359 1227 382 1261 r.
401 1225 461 1275 aup.
472 1212 506 1262 ad
518 1225 557 1262 ιν.
569 1216 690 1263 19.-171
711 1211 843 1274 cartagine
855 1215 896 1261 2².
908 1217 948 1263 86.
965 1219 994 1263 et
1009 1214 1148 1275 Kartagiae
1164 1213 1277 1265 210100
1294 1211 1362 1275 eapi-
1500 1259 1501 1282 ,

254 1286 305 1326 rat.
317 1279 383 1326 utin
396 1278 548 1341 quibusdam
563 1278 693 1340 iuscriptt
710 1277 803 1328 Cicero
820 1278 846 1326 iu
864 1277 940 1327 Orat.
958 1293 982 1327 o.
995 1283 1036 1327 48.
1066 1279 1252 1340 Quiaegoipae,
1269 1278 1363 1343 iuquit,
1440 1303 1449 1326 ι

253 1356 306 1390 aaut
313 1341 406 1404 aeirem,
412 1343 449 1391 ita
457 1345 556 1405 maiorer
564 1345 651 1392 lerator
660 1357 716 1405 etat,
725 1348 752 1392 tat
760 1357 882 1405 00000010,
890 1343 937 1391 raiai
948 1342 974 1391 ira
982 1345 1066 1405 000011,
1074 1345 1219 1406 aspiratione
1230 1347 1362 1401 uterentur,

252 1406 362 1468 loquebar
380 1407 423 1468 aie,
440 1413 467 1456 ut
480 1408 591 1471 puloroa,
613 1407 734 1471 Cetegoa,
751 1407 888 1470 triumpoa,
906 1407 1076 1470 Kartaginem
1091 1409 1208 1458 dicerem
1227 1409 1364 1471 aliquando,

253 1469 321 1533 idque
330 1487 391 1534 rao,
402 1473 505 1521 marieio
520 1473 613 1521 auriam
628 1488 682 1521 eura
698 1476 793 1522 extorta
811 1472 870 1521 miii
887 1472 975 1521 aeritur
990 1478 1059 1533 earet,
1076 1489 1142 1522 uram
1157 1473 1264 1537 lopardi
1276 1472 1363 1535 popula

252 1536 363 1600 eoaceaai,
373 1536 497 1586 retraham
507 1537 567 1585 otili
577 1536 703 1587 reaerroti.
725 1538 786 1586 Non
798 1537 921 1586 convenit
931 1538 1010 1598 etiam
1022 1539 1091 1586 inter
1103 1538 1171 1587 viror
1182 1537 1274 1588 doctoa
1284 1537 1365 1599 aerip-

255 1606 312 1649 tura
325 1602 447 1664 00110ςο
459 1609 486 1651 et
497 1602 634 1664 Karthago.
666 1602 698 1650 Iu
717 1602 836 1663 nummis,
853 1601 984 1665 inaoriptt.
1002 1609 1031 1650 et
1041 1618 1160 1653 marmor.
1177 1602 1363 1667 orthographia

254 1665 349 1727 variat,
359 1681 442 1730 neque
456 1673 530 1716 tanta
538 1673 579 1715 eat
590 1667 731 1716 auotoritas
740 1681 839 1728 eorum,
847 1672 878 1715 ut
887 1675 961 1715 certa
970 1667 1100 1718 scribendi
1108 1668 1199 1731 regula
1207 1667 1269 1717 inde
1278 1666 1364 1729 repeti

254 1739 342 1792 queat.
377 1732 404 1780 K
411 1746 463 1779 000
475 1746 535 1780 vera
545 1732 632 1792 litera,
642 1732 687 1780 aed
703 1734 848 1807 ramatum
857 1731 978 1781 martirium
987 1737 1044 1782 nota
1059 1732 1156 1781 dicitur
1172 1732 1283 1784 Quintil.
1296 1732 1363 1780 inat.

256 1795 305 1844 01².
317 1809 336 1844 1.
347 1799 372 1844 4.
384 1800 409 1845 9.
421 1795 466 1845 ubi
478 1812 502 1845 r.
513 1797 647 1859 Spalding.
681 1797 721 1846 Ct.
740 1795 879 1845 Drakenb.
897 1804 924 1845 et
941 1812 988 1845 noa
1006 1796 1039 1846 ad
1055 1798 1104 1847 Sil.
1115 1810 1136 1846 1.
1147 1801 1254 1846 3.-172
1270 1800 1298 1844 ta
1309 1796 1365 1844 Dea

252 1861 426 1924 praeragittae
437 1875 470 1909 ex
481 1862 612 1911 emendat.
627 1861 725 1910 Grrevii
742 1867 826 1921 reete,
848 1860 950 1923 opinor,
967 1861 1051 1911 edidit
1064 1860 1177 1912 Hennin.
1189 1876 1267 1926 quera
1278 1860 1365 1911 secuti

254 1938 349 1973 anmua.
367 1924 398 1973 ln
410 1925 481 1974 lihria
493 1933 547 1975 tum
559 1926 661 1988 scriptia
671 1932 724 1975 tum
736 1924 815 1974 editia
828 1926 935 1988 legitur,
945 1931 973 1974 tu
984 1929 1071 1990 depone
1081 1927 1193 1988 aagittoa,
1204 1933 1233 1975 et
1244 1938 1365 1989 pronum.

254 1991 282 2037 ta
293 1990 369 2053 vulgo
380 1990 414 2038 ad
424 1989 533 2039 eandem
544 1992 630 2040 Deam
644 1991 754 2039 Dianam
767 1989 889 2051 refertur,
899 2005 958 2054 quae
970 1994 1038 2040 ratio
1052 1991 1191 2041 admodum
1203 1990 1270 2039 dura
1280 1995 1365 2038 eat.-

255 2055 303 2102 lta
315 2053 412 2115 faciant
420 2059 461 2105 47.
474 2059 513 2105 48.
527 2054 729 2121 ifle-comite
741 2058 789 2128 la,
792 2059 833 2104 47.
845 2057 886 2105 48.
896 2059 1021 2105 85.-174
1037 2058 1206 2105 0001000410.
1218 2058 1259 2105 tr.
1270 2057 1311 2105 16.
1321 2057 1363 2104 27.

753 2186 864 2238 NOTAE

255 2279 427 2330 Romanorum
439 2288 597 2347 potestatem
609 2284 727 2348 reniret3
745 2284 789 2334 alil
830 2283 933 2333 aceolo
950 2290 1074 2349 aequaret.
1110 2283 1187 2337 Quod
1206 2282 1306 2354 t'aotnrn
1323 2285 1366 2332 eat
1438 2320 1440 2322 »
1500 2335 1501 2342 ,

254 2361 270 2404 a
282 2356 530 2421 Carthaginensibus
543 2359 578 2409 ob
592 2374 646 2409 rem
657 2362 723 2410 male
734 2376 790 2425 gea-
830 2372 898 2408 anno
915 2365 1052 2424 postquam
1069 2366 1128 2409 erat
1145 2359 1251 2409 condita
1267 2357 1367 2423 reptin·

255 2432 311 2487 iant
327 2434 460 2499 lapidibus
479 2436 621 2499 obrutam3
646 2437 690 2487 alii
715 2440 789 2489 eruci
828 2434 1177 2499 praenuntiaretur.

255 2510 368 2562 affixum.
385 2513 418 2564 T.
430 2513 528 2576 Liriua,
538 2515 788 2581 PlutarchEutrop.
861 2517 910 2562 171
937 2514 1014 2563 Parae
1039 2515 1134 2579 precor]
1167 2512 1365 2577 Proaopopoeia,
1411 2522 1414 2528 “

255 2589 331 2640 Otos.
343 2595 393 2642 tre.
828 2605 880 2655 qua
891 2590 1028 2640 exhibetur
1039 2590 1170 2654 Amphion
1186 2605 1235 2655 pro
1248 2589 1310 2639 tiliia
1320 2590 1366 2639 de-

262 2678 267 2685 ·
291 2666 385 2717 Virtam
397 2667 528 2733 Syphacem
539 2669 672 2733 iaraatrla]
700 2668 789 2720 Numi·
828 2683 938 2731 precana
951 2668 1098 2733 Apollinem
1110 2676 1138 2718 et
1149 2668 1260 2718 Dianam
1271 2667 1364 2719 Niobae

254 2741 791 2810 diaeregem3erpiuaetAadmrbaliaeaatra
828 2743 924 2795 faatnm
943 2746 1109 2795 ulciacentea.
1141 2744 1258 2809 Ejuaqur
1278 2759 1365 2795 exem·

254 2816 439 2871 facibuaillatis
450 2830 585 2873 uuanoote
595 2823 790 2887 deleritSeipio
830 2821 876 2884 plo
888 2821 980 2885 prohat
997 2821 1130 2872 luvenalis
1148 2829 1247 2886 quanta
1260 2821 1295 2870 ait
1311 2836 1364 2870 ma·

253 2892 409 2946 Africanus:
434 2904 500 2948 teate
522 2899 702 2961 Floro‚11.t.
736 2898 790 2950 Hic
830 2898 922 2947 liernm
941 2899 1099 2962 arrogantia,
1119 2914 1175 2964 qnae
1195 2898 1268 2946 Deua
1286 2897 1365 2948 etiam

254 2969 334 3021 etiarn
345 2973 415 3023 illurn
428 2982 518 3038 poatea
529 2977 555 3025 in
565 2976 693 3040 triumpho
704 2976 789 3027 duxit.
829 2974 948 3024 lacessat.

254 3044 388 3098 Plutarch.
409 3052 436 3099 in
453 3052 508 3101 vitu
526 3052 654 3117 Scipionia
670 3051 790 3103 Africani
863 3051 951 3114 Paean]
976 3051 1019 3100 lta
1036 3056 1145 3101 vocatur·
1162 3050 1267 3115 Apollo,
1285 3063 1330 3099 aen
1350 3060 1365 3098 a

254 3136 288 3172 ex
302 3125 417 3189 Polybio.
829 3123 914 3188 nicar,
932 3128 990 3191 qnia
1008 3127 1096 3176 radioa
1112 3127 1185 3192 quaai
1202 3127 1312 3190 sagittae
1330 3125 1365 3173 ri·

288 3204 333 3249 171
354 3203 513 3266 Carthagine]
537 3202 602 3254 Haee
613 3206 683 3268 urba,
698 3205 750 3255 aitu
761 3212 790 3256 et
830 3203 900 3266 brat,
920 3205 1002 3268 iisque
1022 3204 1100 3255 ferite
1117 3219 1163 3253 aen
1185 3219 1201 3252 a
1218 3202 1302 3253 redeo
1322 3201 1365 3251 ria

254 3276 352 3326 tinibus
364 3279 453 3329 Romae
466 3279 563 3329 dudum
580 3282 681 3343 aemnla,
692 3282 789 3331 habena
829 3277 905 3341 iriae,
916 3273 978 3342 ¹qnia
996 3295 1043 3329 aua
1059 3295 1104 3329 noa
1122 3281 1180 3329 luce
1198 3277 1365 3341 recreatSol,

255 3352 282 3400 in
304 3354 416 3404 circuitu
435 3356 487 3405 tria
504 3372 582 3420 aupra
597 3356 691 3420 viginti
710 3358 791 3427 millia
830 3362 858 3406 et
865 3346 991 3406 'nroerorea
1003 3355 1095 3420 abigit.
1116 3355 1183 3405 Vide
1191 3356 1309 3407 Maerob.
1319 3356 1364 3406 aa·

255 3438 385 3493 partuum,
410 3438 477 3481 teate
497 3432 580 3495 Livio,
603 3433 699 3495 triplici
721 3434 790 3484 bello
831 3439 984 3484 1000017.

253 3505 528 3570 Romanoafatigavit.
557 3509 666 3573 Opueue
677 3503 790 3559 Didonis
865 3510 911 3571 ra,
930 3511 993 3573 Dea,
1008 3525 1069 3574 prae
1083 3511 1197 3575 angitiae]
1214 3508 1364 3574 Alloquitur

255 3579 346 3640 tharit,
357 3597 388 3630 au
399 3585 542 3648 Tyriorum,
553 3601 605 3635 nou
615 3589 719 3636 omnino
728 3602 790 3635 oon·
830 3587 951 3647 Dianam,
968 3588 1043 3650 eujus
1061 3594 1089 3636 et
1104 3587 1233 3650 Apollinis
1250 3586 1363 3649 indigna·

255 3662 318 3707 atat.
352 3658 395 3708 An
411 3669 481 3710 earet
498 3662 608 3711 delenda
625 3663 715 3712 Romae
726 3662 790 3713 doli·
830 3663 902 3712 tione
913 3678 944 3711 ao
955 3664 1060 3727 augittia
1073 3664 1167 3713 Nioba
1176 3662 1233 3723 filii,
1250 3663 1285 3711 oh
1301 3675 1363 3727 quoa

254 3733 383 3797 iteratum,
395 3746 421 3785 ut
440 3738 527 3801 gloriae
544 3753 618 3802 aegea
636 3754 666 3786 ae
685 3739 789 3788 virtutis
830 3753 862 3788 ea
872 3740 1049 3804 superbiebat,
1065 3754 1152 3789 ournes
1170 3741 1266 3789 eorrtixi
1284 3738 1364 3802 perie-

202 3846 205 3863 .
254 3811 365 3859 materia
380 3826 511 3877 nunquam
536 3814 656 3862 Romania
675 3813 788 3864 deesaet.
829 3823 898 3866 runt.
932 3817 1000 3865 Vide
1018 3818 1096 3867 ovid.
1117 3818 1321 3881 Metamorphoa.
1338 3819 1362 3864 a.

254 3884 293 3935 Aa
304 3900 338 3935 ex
350 3888 456 3937 Catonia
467 3891 597 3938 aenteutia
611 3890 719 3940 Senama
733 3892 788 3941 Sei·
830 3892 895 3942 Pub.
907 3897 931 3943 3.

254 3960 357 4024 pionem
370 3964 532 4013 AEmilianum
547 3967 574 4014 10
587 3964 700 4015 Africam
718 3968 789 4018 mitit
862 3975 909 4020 lta
929 3970 1167 4035 Nitpaerr'sariurat]
1183 3971 1363 4039 lunoxiiarrnt,

255 4048 314 4086 enm
331 4039 430 4103 ingenti
448 4043 574 4102 exercitu,
594 4043 638 4106 qui
655 4044 789 4109 Carthagi·
829 4046 956 4095 errrluunt
966 4061 1059 4095 noxam
1073 4048 1163 4097 Niobae
1171 4047 1276 4099 matris?
1288 4045 1363 4095 ilaue

254 4124 314 4163 near
331 4130 346 4164 a
362 4118 485 4181 Scipione
501 4116 624 4168 Africano
635 4120 788 4182 vectigalem
828 4123 912 4187 ipram
924 4123 1044 4186 plectite.

223 4236 229 4249 „
252 4186 308 4251 jara
328 4197 390 4249 ante
405 4192 503 4244 factam
521 4192 663 4259 obaideret,
681 4204 790 4260 caperet
862 4201 909 4247 174
938 4198 1067 4262 Amphion]
1096 4199 1172 4251 lotia
1193 4214 1228 4251 ex
1249 4199 1361 4264 mure
