3059 4925
541 368 544 375 Ι
599 416 650 467 an
675 415 757 465 sur.
774 415 799 463 1.
912 353 915 357 ⁵
1192 398 1258 468 175

156 575 252 624 sum:
275 554 364 624 Pone
381 555 580 647 Tigellinum,
603 562 716 626 statim
730 557 843 625 lucetis
859 558 893 623 iu
907 556 966 623 illa
982 557 1073 638 tadu,
1096 580 1157 645 que
1172 568 1258 623 stun-

155 669 200 724 tes
213 659 335 742 ardent,
360 667 395 726 et
403 660 539 746 fumant
551 661 624 748 fise
637 684 665 729 s.
681 663 784 730 affixo
806 672 944 748 guture,
968 669 1002 728 et
1024 664 1069 727 ab
1088 683 1155 747 qua
1168 662 1259 728 taeda

154 760 256 827 medin
272 784 368 828 ereum
383 762 466 850 (non
479 766 721 849 amphitheatri,
742 765 803 829 sed
817 766 961 849 quaevis,
984 763 1161 830 cremando
1184 785 1258 829 cor-

28 904 29 949 3
110 862 113 869 “
154 867 231 947 pori
255 864 450 952 subjacens)
465 865 565 932 lutum
580 865 698 931 sulcum
713 867 826 953 adipis
841 886 918 932 euru
932 868 1009 950 pice
1021 868 1129 945 mixti,
1158 873 1192 932 et
1213 886 1258 931 ex

28 1000 29 1011 κ
153 967 303 1034 ustulato
318 987 456 1053 corpore
470 968 712 1048 descendentis,
736 966 870 1047 deducit,
890 969 922 1033 h.
937 968 1116 1047 ederimt,
1143 975 1181 1034 ut
1202 989 1258 1053 ap.

154 1066 228 1133 Cic.
249 1068 291 1133 de
314 1069 396 1134 Div.
421 1085 462 1132 ιι.
482 1070 557 1134 105.
580 1076 614 1134 et
636 1069 730 1154 Virg.
746 1069 810 1134 Ge.
834 1086 859 1136 1.
883 1069 1163 1135 54.-Withofius
1177 1072 1258 1135 olim

28 1166 29 1187 ²
154 1170 367 1255 conjiciebat,
385 1170 440 1258 pis
465 1169 550 1235 ducit
573 1192 691 1239 areum:
712 1173 804 1256 quod
825 1172 983 1256 probavit
1001 1171 1259 1237 Schraderus.-

153 1271 176 1337 J
177 1293 209 1338 o.
226 1273 284 1337 Fr.
298 1272 501 1351 Gronovius,
517 1274 562 1338 ab
577 1272 747 1338 Henninio
761 1273 931 1352 laudatus,
953 1274 1055 1338 verba
1069 1271 1178 1359 poitae
1193 1274 1260 1341 hoc

154 1395 256 1440 sensu
275 1377 383 1460 cepit:
408 1375 479 1441 Fac
499 1396 577 1440 enm
591 1377 718 1442 vixisse
732 1394 808 1441 sevo
824 1375 983 1454 Neronis,
1007 1381 1040 1439 et
1064 1394 1127 1459 pro
1143 1374 1260 1441 Mucio

151 1480 309 1564 posuisse
330 1478 543 1560 Tigellinum,
566 1478 650 1543 nihil
674 1480 798 1545 certius
818 1478 888 1544 iore
908 1477 1068 1563 spondeo,
1097 1496 1199 1561 quam
1222 1485 1260 1543 ut

152 1581 266 1648 luceat
289 1583 325 1646 in
349 1583 410 1646 illa
437 1580 528 1645 taeda
548 1582 698 1646 molestae
725 1583 861 1660 tunicae,
883 1586 916 1645 et
941 1580 1094 1644 defossus
1108 1580 1144 1643 in
1158 1578 1259 1645 media

154 1705 253 1748 arena
268 1680 386 1746 sulcum
400 1680 500 1745 latum
516 1679 656 1762 diducet,
682 1683 737 1747 vel
749 1682 896 1747 mediam
910 1701 1043 1746 arenam
1064 1682 1159 1746 sulco
1182 1702 1261 1766 ape-

152 1787 217 1851 riat
230 1806 272 1851 ac
285 1786 423 1851 dividat.
467 1783 562 1850 Huic
577 1786 796 1871 explicationi
818 1784 931 1861 invent
950 1784 1074 1849 similia
1092 1784 1170 1850 loca
1184 1784 1261 1855 Seu.

154 1887 195 1951 de
215 1888 268 1952 ira
282 1904 339 1951 111.
352 1888 385 1952 3.
400 1893 483 1952 extr.
508 1885 694 1949 circumdati
719 1884 845 1971 defossis
859 1885 918 1972 (al.
939 1883 1058 1966 destun)
1083 1885 1261 1970 corporibus

66 1996 70 2004 '
152 1990 251 2078 ignes,
274 1988 624 2055 cet.etGell.111.ld.
650 1985 801 2053 Homines
824 1986 1006 2074 desederunt
1022 1986 1121 2052 Poeni
1143 1987 1176 2051 iu
1199 1997 1261 2052 ter·

153 2114 223 2156 rum
238 2090 429 2170 dimidiatos,
444 2091 606 2176 ignemque
620 2089 922 2174 circumposuerunt:
945 2089 989 2153 ad
1007 2108 1084 2173 quoe
1100 2088 1178 2153 locu
1190 2090 1260 2157 vid.

28 2208 29 2213 ’
153 2194 270 2280 Intpp.
284 2195 343 2279 qui
365 2194 464 2279 plura
486 2193 586 2279 hujus
607 2192 813 2258 crudelitatis
838 2192 993 2276 exempla
1018 2198 1261 2272 congesserunt.

28 2366 29 2375 χ
153 2296 438 2361 Sedhacratione
449 2295 598 2360 admissa
611 2315 819 2378 reponerem:
844 2293 900 2380 qui
902 2292 974 2377 fico
986 2301 1110 2378 gutture
1114 2289 1260 2376 fumdut,

28 2436 29 2470 3
153 2399 207 2464 vel
225 2396 352 2483 sumat,
376 2395 420 2460 Et
447 2395 546 2461 latum
567 2395 668 2461 media
683 2396 800 2463 sulcum
822 2397 877 2485 qui
895 2398 982 2461 ducit
997 2418 1103 2461 urerru.
1148 2396 1192 2461 Et
1213 2397 1262 2460 ita

153 2500 293 2588 poetam
306 2503 438 2567 omnino
459 2502 634 2586 scripsisse
649 2501 859 2586 crediderim,
883 2503 949 2567 nisi
974 2500 1057 2568 sorte
1080 2506 1169 2565 totus
1187 2519 1261 2568 ver-

154 2623 224 2681 sus,
249 2623 351 2685 quem
363 2604 458 2669 salvo
473 2624 576 2669 sensu
590 2605 687 2670 obelo
708 2604 898 2688 transfigere
913 2604 1003 2681 licet,
1027 2602 1261 2687 interpolatrici

29 2711 30 2806 p
154 2704 268 2772 manui
281 2704 433 2785 debetur,
458 2710 492 2770 et
507 2705 606 2789 plane
620 2704 818 2792 ejiciendus,
840 2725 908 2772 non
926 2704 1151 2772 emendandus
1163 2708 1224 2767 est
