3059 4925
483 336 622 401 samri,
646 336 692 385 ur
713 335 939 387 ruvuuams.
963 347 970 364 ν
1218 321 1264 392 oe

156 482 247 561 bant,
272 482 469 566 animosque
496 482 644 547 omnium
667 500 791 565 pronos
812 481 993 550 reddebant
1015 483 1060 549 ad
1081 483 1262 566 luxuriam,

157 583 394 651 effoeminatrm
406 584 608 666 languorem,
626 589 660 647 et
672 582 841 663 libidines,
857 605 934 669 quae
949 586 1097 652 consiliis
1115 587 1265 672 Impera·

157 686 241 751 toris
254 705 407 770 novoque
431 684 576 751 civitatis
601 684 703 751 statui
730 704 831 768 quam
855 687 1002 751 maxime
1027 689 1262 772 congruebant,

159 793 301 853 mentem
327 807 406 853 vero
430 787 663 852 abalienabant
686 806 708 851 a
727 786 849 852 studiis
873 788 1108 869 severioribus,
1122 789 1265 873 ejusque

126 911 128 915 ·
159 890 248 955 vires
273 889 477 973 frangebant.
535 888 632 954 Idem
654 887 841 973 Augustus,
869 897 907 957 ut
936 891 1065 956 animm
1093 892 1217 958 civium
1242 909 1265 957 e

158 1014 264 1061 m
274 994 438 1061 thum
451 994 586 1060 mmai
600 998 635 1060 et
649 993 797 1078 diligenti
808 999 944 1060 mutatae
956 995 1006 1059 rei
1020 993 1167 1077 publicae
1181 1012 1264 1084 con·

159 1097 359 1163 sideratione
386 1101 550 1176 auocaret,
577 1097 653 1180 ipse
677 1104 788 1162 autem
814 1098 971 1180 potentiae
1001 1114 1138 1161 securus
1163 1099 1264 1172 esset,

161 1199 285 1264 callido
301 1199 498 1266 Maecenatis
517 1199 671 1277 consilio,
686 1203 819 1264 servata
832 1204 970 1263 externa
983 1197 1132 1266 civitatis
1146 1195 1264 1275 forma,

159 1303 351 1386 relictisque
364 1304 512 1367 omnium
527 1302 781 1384 magistratuum
794 1306 941 1366 veterum
953 1299 1153 1377 nominibus,
1173 1317 1265 1364 com·

160 1404 283 1481 modis,
306 1403 496 1483 bonoribus,
521 1422 652 1467 omnem
675 1402 721 1468 ad
748 1421 786 1468 se
813 1401 967 1467 trahebat
994 1404 1202 1485 potestatem,
1230 1404 1267 1465 et

160 1506 293 1590 plebem
306 1509 375 1569 mm
388 1506 642 1588 congiariorum,
667 1524 770 1590 qnam
784 1504 1060 1589 spectaculorum,
1081 1520 1264 1580 muncrum,

159 1608 379 1692 ludorumque
392 1608 599 1685 assiduitate,
613 1607 785 1686 varietate,
792 1610 825 1671 et
834 1603 1077 1688 magnificentia
1086 1603 1121 1668 in
1135 1608 1267 1686 turpem

160 1710 314 1775 inertiam
322 1715 422 1795 atque
434 1709 639 1793 torpedinem
651 1707 855 1787 resolvebat3
870 1706 1018 1771 homines
1030 1709 1140 1769 autem
1154 1704 1266 1769 sanio-

160 1812 207 1876 ris
220 1813 341 1877 mentis
352 1817 421 1877 tum
434 1810 605 1876 beneficiis
618 1812 866 1893 honoribusque
879 1810 946 1874 sibi
963 1807 1183 1884 devinciebet,
1195 1810 1266 1870 tum

161 1913 206 1978 ad
218 1914 331 1978 studia
352 1914 525 1978 excitabat
549 1913 667 1978 mtium
687 1912 936 1993 literarumque,
958 1927 1097 1992 quarum
1121 1925 1266 1972 amorem

162 2015 253 2082 inani
282 2015 392 2081 laudis
419 2013 603 2098 cupiditate
624 2014 746 2079 ductus
768 2011 947 2076 similabat
1008 2005 1135 2089 Magna
1158 2025 1266 2072 rerum

162 2117 302 2182 mutatio
321 2133 445 2184 novam
463 2116 631 2201 loquendi,
654 2115 834 2199 cogitandi,
845 2118 880 2178 et
902 2110 1021 2195 agendi
1039 2110 1202 2175 rationem
1216 2107 1268 2172 in·

162 2218 319 2298 ducebat,
347 2224 381 2284 et
409 2220 578 2284 inlocum
602 2219 717 2284 liberae
742 2217 850 2295 uocis,
871 2216 952 2281 olim
974 2212 1029 2277 vel
1052 2210 1183 2295 scriptis
1206 2227 1267 2274 ex·

164 2341 302 2405 pressae,
328 2323 383 2388 vel
411 2321 510 2388 toties
537 2322 571 2383 in
600 2318 832 2396 concionibus,
855 2316 969 2394 curiis,
983 2313 1067 2392 soro,
1092 2318 1125 2377 et
1151 2310 1267 2376 rostris

164 2424 304 2504 auditae,
313 2443 402 2491 nunc
417 2421 618 2493 succedebat
631 2421 737 2487 oratio
754 2418 974 2495 adulatorum,
983 2414 1266 2491 calumniatorum,

163 2534 196 2595 et
218 2548 401 2604 servorum,
425 2528 484 2611 qui
508 2545 545 2590 se
567 2529 655 2590 totos
677 2523 721 2587 ad
744 2521 872 2587 domini
895 2518 1066 2584 arbitrium
1088 2519 1267 2597 nutumque

164 2631 339 2714 lingebant.
383 2629 476 2694 Hinc
498 2647 580 2692 vera
606 2625 797 2709 eloquentia
818 2623 979 2689 Cicerone
1004 2622 1124 2683 necato
1151 2618 1269 2682 obmu-

165 2735 327 2812 tescebat,
341 2737 376 2797 et
388 2730 499 2815 politae
523 2735 652 2795 tautum
665 2747 734 2792 non
747 2745 862 2807 qmnes
882 2729 975 2788 erant
997 2721 1181 2785 imitatores
1200 2737 1268 2781 ser·

163 2853 244 2900 vum
258 2852 373 2918 pecus.
418 2832 533 2897 Nihilo
555 2836 664 2894 tamen
686 2830 798 2894 secius
823 2826 984 2892 saeculum
999 2819 1144 2904 Augusti
1165 2818 1267 2883 multo

165 2938 284 3002 melius
298 2935 495 3018 feliciusque
507 2939 579 2998 erat
593 2931 747 2996 extremis
760 2930 872 2994 liberoe
887 2926 935 2990 rei
949 2922 1092 3007 publicae
1112 2917 1268 3002 tempori·

166 3038 239 3105 bus.
284 3038 448 3120 Princeps
469 3036 609 3119 imperio
631 3034 777 3118 quietem
792 3035 892 3114 atque
906 3025 1107 3108 dignitatem,
1123 3021 1269 3085 civibus-

166 3160 231 3226 que
245 3159 399 3205 securam
409 3141 571 3207 bonorum
586 3135 830 3220 possessionem
843 3129 1010 3204 reddebat,
1022 3130 1055 3190 et
1068 3124 1173 3189 multa
1185 3120 1270 3187 vitia

167 3262 281 3308 severe
295 3241 473 3307 coercebat
484 3240 613 3322 legibus
625 3235 859 3303 saluberrimis,
903 3223 1269 3316 Ipseetiam,quamvis

167 3345 201 3411 in
213 3345 439 3411 adolescentia
452 3341 651 3407 dedecomm
665 3336 872 3422 quorumdam
883 3338 918 3397 ct
927 3333 962 3396 in
985 3328 1193 3394 triumviratu
1204 3344 1270 3391 sae·

167 3448 259 3512 vitiae
273 3446 443 3511 insanum
456 3443 614 3519 subierat,
633 3444 750 3524 postea
769 3436 899 3519 magnis
917 3432 1093 3497 virtutibus
1107 3428 1270 3511 pausabat

168 3550 261 3627 vitia,
274 3555 307 3612 et
319 3550 463 3615 clemens
475 3550 546 3611 erat
557 3543 710 3609 dominus
726 3560 767 3607 ac
781 3545 950 3624 patronus,
963 3534 1091 3599 amicus
1109 3530 1215 3594 comis
1227 3546 1268 3593 ac

168 3650 288 3727 tidelis,
301 3650 408 3714 bonus
421 3644 659 3731 paterfamilias
679 3648 714 3707 et
734 3641 932 3724 Imperator,
944 3654 1050 3718 neque
1073 3631 1186 3697 Patris
1209 3649 1269 3714 pa·

86 3757 94 3763 ’
168 3753 240 3819 triae
253 3750 385 3818 nomine
397 3749 561 3832 indignus.
605 3745 700 3809 Idem
721 3749 808 3808 artes
829 3740 1048 3823 scientiasque
1069 3735 1215 3809 fovebat,
1236 3734 1271 3797 et

170 3855 261 3920 cives
274 3853 318 3918 ad
336 3855 491 3917 virtutem
505 3850 535 3915 si
549 3867 614 3913 non
634 3845 820 3919 colendam,
836 3846 924 3913 certe
941 3836 1160 3911 similandam,
1183 3852 1270 3917 prae·

170 3958 246 4023 miis
259 3957 439 4042 poenisque
453 3951 622 4019 incitabat.
666 3950 779 4013 Decor
802 3947 914 4027 itaque
937 3949 970 4005 et
989 3941 1159 4011 honestas,
1179 3933 1269 4018 judi·

171 4060 257 4124 cium
269 4065 303 4123 et
316 4073 433 4121 sensus
447 4053 529 4130 veri,
543 4052 635 4126 boni,
645 4070 684 4114 ac
698 4050 836 4134 pulchri,
850 4045 993 4110 nondum
1004 4042 1106 4126 plane
1123 4035 1271 4101 extincta

172 4167 274 4238 erant,
296 4167 330 4223 et
353 4159 554 4225 acuebantur
575 4153 744 4223 nuruum
757 4148 950 4217 Graecaum
971 4142 1093 4219 studio,
1109 4135 1199 4221 quod
1212 4134 1270 4203 ad·

134 4264 140 4274 ⁴
172 4262 389 4349 buevigebat.
