3059 4925
648 342 700 393 no
723 343 804 394 sne.
827 345 861 391 v.
1242 330 1311 400 327

201 495 363 579 interpres
378 509 515 558 censam
534 488 636 567 dicat,
651 509 822 556 eur‘nemo
845 476 923 557 cum
937 485 1109 559 Bocchare
1123 491 1156 560 h.
1169 513 1201 559 e.
1222 492 1307 562 Afro

200 599 282 663 velit
295 597 413 674 lavari,
425 595 514 682 quod
529 594 603 660 scil.
616 593 683 672 ille,
705 599 860 679 tanquam
876 595 984 660 adhuc
1000 597 1090 664 sitin
1103 595 1233 677 Afiiea,
1247 599 1307 665 ubi

200 720 223 765 a
237 701 444 785 serpentibus
460 697 645 763 cavendum
660 697 726 762 sibi
748 698 804 776 sit,
831 698 906 762 oleo
930 697 1137 783 Tripolitono
1160 700 1307 786 malique

200 803 311 870 odoris
332 804 516 885 inungatur.
561 800 718 866 Scholion
741 806 853 866 nutem
876 821 976 867 versu
1000 822 1197 887 expressum
1220 822 1305 886 esse,

199 926 266 970 non
279 909 330 969 est
344 902 434 987 qnod
447 903 586 967 mireris.
632 900 673 966 Id
688 903 775 966 enim
790 908 859 967 tum
874 922 968 982 cusu,
983 909 1055 969 tum
1069 911 1138 970 arte
1158 905 1306 971 scholas-

198 1008 257 1073 tici
272 1008 353 1086 fieri,
368 1011 403 1071 et
411 1006 578 1072 sententia
591 1007 652 1071 vix
666 1007 762 1071 aliter
774 1008 885 1086 solute
903 1008 1049 1080 oratione
1063 1009 1171 1073 efferri
1184 1010 1305 1092 potuit.

199 1110 348 1196 Optimis
362 1129 495 1196 quoque
509 1108 726 1194 scriptoribus
740 1112 916 1195 prosaicis,
931 1110 1096 1190 Ciceroni,
1107 1109 1218 1191 Livio,
1229 1109 1305 1175 Sai-

196 1201 312 1294 lustio,
333 1221 366 1281 et
389 1214 464 1280 eliis
488 1214 610 1279 multos
633 1212 803 1278 excidisse
823 1214 1047 1292 hexametros,
1071 1215 1145 1297 quis
1167 1220 1218 1279 est
1246 1213 1304 1298 qui
1372 1261 1382 1279 .

196 1317 346 1402 ignorett
370 1316 537 1402 Exempla
559 1316 685 1384 dubunt
709 1316 854 1383 Scheller
876 1319 910 1382 iu
925 1315 1109 1401 Praeceptis
1131 1316 1198 1382 stili
1218 1316 1304 1381 bene

195 1422 256 1487 lat.-
269 1441 305 1506 p.
321 1421 396 1487 735.
443 1417 522 1485 Pott
536 1418 580 1484 ad
594 1418 702 1505 Epist.
718 1419 741 1485 J
743 1421 842 1487 ncobi
862 1439 885 1485 1·
900 1421 954 1486 17.
968 1426 1002 1486 et
1017 1418 1203 1488 Nolten.,in
1218 1417 1304 1484 Lex.

196 1545 228 1590 v.
243 1545 357 1591 versus.
402 1523 511 1603 Fraus
523 1525 623 1589 etiam
637 1528 706 1588 tum
725 1524 836 1589 facilis
852 1528 903 1589 est
917 1522 1217 1608 interpolatoribus,
1231 1526 1304 1587 tum

195 1626 339 1694 difficilis
354 1628 398 1693 ad
413 1626 628 1711 detegendum
641 1627 676 1692 in
686 1626 808 1716 'po‘etis
826 1626 983 1704 satiricis,
999 1627 1057 1711 qui
1071 1625 1213 1691 sermoni
1226 1644 1304 1710 pro·

195 1731 293 1815 piore
313 1734 476 1813 scribunt3
499 1730 622 1814 dequo
636 1749 669 1795 v.
693 1731 814 1796 Horat.
841 1727 911 1796 sat.
935 1746 961 1795 1.
985 1730 1016 1793 4.
1035 1729 1150 1795 40-62.
1174 1727 1226 1793 cf.
1242 1728 1302 1793 inf.

195 1834 339 1900 Excurs-
355 1833 397 1899 ad
415 1834 561 1900 1x.123.

240 1936 339 2023 Afros
353 1936 512 2002 exhibent
532 1937 588 2003 13.
608 1938 663 2004 21.
677 1937 731 2005 22.
756 1936 812 2003 82.
836 1933 928 2019 Afris
941 1937 996 2002 77.
1017 1931 1096 1999 atre's
1109 1933 1164 1999 10.
1178 1932 1232 1997 11.
1248 1927 1302 1997 12.

194 2040 307 2110 1417.
324 2040 377 2107 19.
396 2039 449 2107 20.
472 2039 585 2107 2327.
600 2041 714 2107 45-50.
728 2041 844 2107 54-74.
859 2040 913 2106 76.
929 2038 983 2105 81.
1028 2036 1117 2118 Quae
1140 2034 1301 2110 lectiones

193 2144 310 2231 probae
323 2148 401 2209 sunt
414 2163 539 2212 ornnes.
560 2143 607 2212 V.
619 2144 729 2211 Bentt.
744 2144 790 2212 ud
803 2141 924 2212 Horat.
938 2142 1009 2210 Sat.
1024 2158 1066 2206 n.
1079 2139 1112 2209 8.
1125 2140 1181 2208 95·
