3059 4925
604 376 607 383 ’
632 377 772 429 sensns
795 377 832 427 v.
1225 354 1291 431 321

229 526 330 593 Virro
342 526 420 604 sibi,
439 530 476 592 et
488 516 625 611 'reliquis
638 522 838 591 Virronibus
849 524 910 590 illu
919 524 1055 610 jubebit
1073 528 1077 535 '

184 629 295 696 Poma
305 622 389 708 dari,
411 648 553 715 quornm
565 630 640 696 solo
653 629 809 715 pascaris
822 628 945 711 odore3
1226 629 1293 699 loo

186 730 312 811 Qualia
325 737 503 816 perpetuus
519 730 703 798 Phaeacum
719 736 916 796 auctumnus
929 730 1088 812 habebat,

184 831 328 900 Credere
342 855 419 921 quae
434 837 550 919 possis
564 836 723 919 subrepta
733 832 1020 901 sororibus'Afris.

183 936 239 1002 'l'u
253 938 367 1002 scabie
380 938 500 1003 frueris
513 939 604 1018 mali,
619 937 708 1022 quod
722 939 758 1003 in
773 957 890 1021 aggere
902 936 1000 1017 rodit,
1034 964 1035 967 ¹

186 1036 258 1116 Qui
271 1040 389 1124 tegitiu
399 1061 528 1126 parma,
542 1048 575 1107 et
588 1042 696 1125 galea,
709 1046 921 1125 metuensque
936 1039 1058 1123 flagelli

186 1141 495 1210 Discitabhirsuts
503 1144 653 1230 jaculum
665 1148 818 1226 torquere
831 1144 976 1228 capella.
1225 1140 1292 1211 155

185 1289 252 1339 rubii
263 1306 291 1340 ec
298 1291 403 1355 proferri
413 1308 491 1357 pomo,
502 1308 599 1357 quorum
609 1291 832 1369 usucjrngruutia
840 1292 965 1356 replearis:
984 1291 1164 1357 quoiicferebat
1172 1293 1295 1342 cestim

186 1354 531 1472 minumusGCcrmism:
554 1374 607 1422 quc
624 1358 739 1422 sument
754 1372 825 1434 puers
844 1359 952 1434 wacta
965 1357 1083 1409 sommum
1092 1357 1224 1418 dimonis
1259 1358 1296 1411 lle

182 1434 253 1483 pomo
268 1426 345 1472 meru
353 1438 378 1472 sc
456 1459 464 1484 ,
474 1425 542 1489 priuis
557 1424 584 1474 is
592 1423 776 1487 propugnaculis
785 1425 876 1472 mansu
887 1438 928 1486 qur
944 1429 1009 1472 scuto
1018 1428 1153 1487 protegrtur
1163 1427 1233 1486 atque
1244 1437 1293 1473 cus-

98 1556 101 1559 ·
184 1482 245 1551 tide,
255 1487 395 1552 ccflugruri
404 1489 488 1540 timeas
497 1489 592 1540 uibrare
601 1490 675 1539 telum
690 1489 810 1538 ducturo
823 1489 920 1552 Capella
927 1487 1014 1553 piloso.
1038 1489 1150 1538 Fortasse
1157 1493 1227 1553 puter
1241 1487 1296 1539 Vir-

652 1600 831 1622 ‘nunnae

186 1673 253 1751 emer
265 1678 329 1726 ers.
362 1677 503 1728 monem
518 1681 559 1728 m.
570 1682 611 1729 ss.
623 1692 639 1728 a
649 1694 683 1730 m.
718 1694 740 1728 r.
756 1681 880 1728 se-rro
894 1678 997 1742 putam
1015 1662 1055 1726 ri.
1087 1677 1157 1728 unae
1172 1674 1297 1728 suune.

187 1753 257 1816 cony.
265 1744 446 1804 quorummlum
466 1743 478 1820 ι’
503 1744 663 1820 arbodorem,
707 1743 741 1820 ed
752 1743 809 1807 ipse
821 1740 931 1808 fatetur,
942 1758 1000 1793 eam
1008 1742 1147 1793 lectionem
1157 1741 1241 1791 videri
1251 1743 1297 1791 du·

185 1807 464 1935 ...ru
478 1807 1178 1940 sustinentrenuntientur:
1192 1812 1295 1922 uu:

187 1937 335 1987 imma.
365 1939 435 1987 umbe
453 1943 567 1990 luam.
579 1954 631 1990 sec.
653 1939 718 1988 rodis
730 1943 771 1988 13.
805 1939 887 2003 prodit
904 1943 1012 1988 t.-154
1028 1937 1155 2002 flagellum
1172 1941 1295 1986 22.-1⁵t

186 1998 326 2051 Domina
354 2003 575 2068 bunio...cmeilu
592 2009 616 2055 l.
633 2003 720 2072 (cnjus
728 2010 802 2054 certe
812 2004 898 2069 glossa
917 2009 972 2054 est:
995 2017 1074 2052 caere
1084 2000 1198 2064 magistro
1209 2001 1297 2075 campi·

687 2117 796 2168 NOTAE

188 2208 306 2276 duntur,'
322 2212 418 2279 inquit,
434 2213 556 2267 ‘boletos
567 2216 661 2268 merito
677 2231 723 2282 po»
795 2214 982 2279 lbuSaireptu]
1000 2213 1075 2264 Sicut
1086 2212 1148 2264 olim
1158 2211 1298 2273 Hercules,

187 2287 293 2351 suerim,
314 2289 406 2354 optimi
424 2291 528 2357 quidem
538 2293 585 2343 hos
597 2291 659 2356 cibi,
676 2291 723 2342 sed
762 2299 794 2343 nt
803 2291 968 2356 fabulanturp
977 2291 1062 2343 occiso
1078 2290 1196 2355 pervigili
1209 2290 1299 2341 draco·
1317 2346 1321 2355 ,

185 2361 312 2415 immenso
320 2369 440 2432 exemplo
447 2369 474 2418 iu
481 2370 579 2420 crimen
585 2369 724 2434 adductos,
763 2384 848 2434 ne,ea
858 2368 1010 2420 abstulerat.
1027 2368 1108 2417 Hom.
1120 2366 1198 2417 Ouid.
1208 2365 1299 2416 etalii.

181 2457 290 2518 ¹veneno
304 2446 528 2500 Tiberioclaadio
542 2448 661 2514 Principi
675 2464 724 2514 per
796 2445 921 2498 &roribus
931 2443 1011 2508 Afris]
1050 2444 1101 2495 Hae
1119 2450 1179 2495 sunt
1195 2443 1296 2509 Hespe·

187 2521 255 2573 banc
263 2524 424 2576 occasionem
435 2542 450 2577 a
460 2527 570 2592 conJuge
576 2525 724 2592 Agrippina
762 2522 832 2574 rides
844 2528 908 2586 tres,
918 2522 1003 2586 AEgle,
1015 2518 1154 2584 Arethusa,
1167 2519 1301 2584 Hespero·

189 2598 265 2650 dato:
287 2617 338 2666 quo
350 2600 421 2654 facto
439 2603 484 2653 illa
503 2606 581 2654 terris
593 2617 722 2654 venenum
762 2601 848 2663 thura,
864 2598 948 2649 aureis
958 2596 1033 2648 malis
1044 2597 1071 2646 in
1082 2598 1157 2647 horto
1169 2595 1300 2647 nascenti·
1358 2633 1365 2642 .

189 2675 309 2738 aiterum,
326 2676 427 2743 sibique
446 2685 507 2729 ante
522 2694 621 2744 omnes,
640 2678 723 2730 Nero·
761 2676 811 2726 bus
830 2675 955 2725 celebres.
988 2674 1058 2724 Plin.
1077 2686 1136 2722 xrx.
1157 2678 1182 2724 t.
1206 2670 1301 2721 ‘Anti-

187 2753 437 2804 neursuumdedit!
763 2753 866 2821 quitas,’
888 2752 981 2818 iuquit,
1005 2751 1089 2800 ‘nihil
1111 2750 1183 2817 prius
1205 2750 1301 2800 mirata

187 2879 191 2888 .
222 2830 271 2879 149
288 2829 397 2895 Reliquis
411 2831 560 2898 Virronibus]
575 2832 620 2883 Sui
636 2832 724 2883 simili·
762 2836 814 2893 est,
844 2843 921 2894 quarn
948 2826 1127 2891 Hesperidum
1154 2826 1243 2875 bortcs
1268 2836 1300 2875 ac

189 2902 238 2954 bus
248 2906 388 2969 opulentis.
763 2907 865 2969 Regum
883 2903 984 2953 Adonis
1006 2908 1033 2952 et
1049 2900 1174 2953 Alcinoi?
1199 2902 1235 2951 Et
1251 2900 1300 2949 snb

223 2985 271 3031 1⁶⁰
289 2982 450 3038 Quorumsals
464 2986 572 3050 posceris
587 2984 667 3049 odore]
678 2983 722 3035 An
764 2982 844 3033 linem
854 2978 971 3045 ejusdem
982 2978 1076 3042 eapitis
1089 2979 1178 3028 bortos
1194 2978 1252 3027 illos
1263 2978 1302 3029 ait

189 3057 299 3122 respicit
309 3058 342 3107 ad
359 3059 387 3108 id
406 3061 475 3126 qnod
491 3060 573 3113 refert
584 3061 723 3112 Athenaeus
766 3057 831 3109 sitos
841 3055 920 3106 fuisse
931 3054 963 3104 ad
976 3054 1068 3103 Lixum
1078 3053 1244 3102 Mauritaniae
1256 3066 1302 3118 op·

176 3125 279 3188 '111.l.
317 3136 390 3186 Mala
410 3138 530 3203 quae'dam
547 3129 725 3202 Hesperidum
765 3134 865 3200 pidum,
875 3131 994 3182 ducentis
1007 3130 1123 3195 passibus
1141 3129 1174 3179 ab
1186 3129 1302 3193 Oceano,

190 3211 289 3275 vocari,
301 3213 417 3263 suaviter
425 3215 530 3280 quidem
538 3215 726 3280 olentia,atpa·
762 3214 843 3279 juxta
863 3210 998 3261 delubrum
1018 3209 1151 3273 Herculis,
1169 3207 1300 3274 antiquius

190 3303 248 3340 rum
265 3290 324 3340 cibo
343 3291 446 3353 idonea,
464 3294 513 3343 &c
540 3289 679 3356 Anpotius
691 3291 727 3339 in-
769 3289 910 3353 Gaditano,
920 3294 950 3339 ut
961 3286 1059 3338 ierunt.

191 3365 249 3417 nuit
269 3380 301 3416 ea
319 3381 397 3431 poma
419 3374 472 3419 tam
492 3368 614 3434 exquisiti
639 3367 725 3419 odoris
800 3370 847 3415 lta
864 3365 895 3414 Iu
905 3379 994 3427 aggere
1003 3364 1077 3428 rodit,
1087 3362 1138 3427 qui,
1148 3361 1203 3426 lte]
1220 3361 1301 3413 Miles

190 3443 258 3507 es‘se,
273 3445 725 3511 utsuavelfragrantiapascereut?
766 3450 836 3508 tyro,
862 3441 893 3490 in
918 3439 1019 3504 castris,
1042 3438 1181 3488 deficiente
1204 3439 1301 3502 saepius

226 3524 273 3570 lbl
291 3520 424 3585 Perpetuus
439 3522 568 3572 Plroeacum
580 3520 726 3583 Autumnus]
766 3515 1157 3579 commeatunnllumcibigenus
1167 3528 1301 3578 respuens.

192 3597 294 3648 Hortos
311 3596 415 3649 Alcinoi
442 3598 576 3663 perpetuis
598 3596 727 3649 fructibus
766 3595 900 3660 Numquid
913 3594 982 3643 enim
998 3592 1040 3641 bic
1056 3590 1233 3653 intelligenda,
1243 3604 1302 3654 quae

192 3674 295 3725 nobiles
334 3676 465 3740 iutelligit.
513 3675 582 3725 Vide
616 3675 726 3724 Homer.
768 3673 851 3723 refert
862 3672 932 3721 Plin.
949 3685 994 3720 xv.
1004 3673 1044 3719 14.
1068 3669 1152 3718 ‘Sata
1167 3669 1193 3717 in
1205 3675 1303 3717 castro·

194 3750 289 3815 Odyss.
300 3766 351 3803 vu.
362 3759 390 3803 et
400 3766 464 3802 vm.
479 3759 507 3803 et
525 3752 642 3803 Martial.
665 3752 728 3816 Epi·
756 3763 824 3800 vrum
836 3748 973 3813 aggeribus
984 3748 1050 3796 mala
1059 3745 1077 3794 2’

194 3842 277 3896 gram.
289 3843 341 3879 vu.
352 3834 394 3880 41.
800 3830 849 3876 154
875 3824 977 3887 Poeno]
1018 3825 1104 3873 Breve
1128 3827 1228 3871 scutum
1250 3817 1302 3882 es't,

226 3904 366 3969 Pheraeum]
384 3906 498 3971 Corcyra
508 3905 597 3955 Insula
608 3904 644 3954 sic
656 3903 728 3954 dicta
768 3904 845 3970 quale
855 3903 981 3967 gerebant
990 3908 1104 3966 tyrones.
1121 3899 1214 3963 Virgil.
1222 3900 1230 3925 ⁴
1238 3898 1303 3947 Par·

193 3980 307 4046 primum
318 3997 334 4030 a
345 3982 467 4046 Nympha
484 3980 646 4045 cognomine,
668 3981 729 4030 dein
768 3995 862 4045 niaque
873 3980 995 4043 inglorius
1007 3976 1084 4030 alba?

194 4056 253 4122 ejus
270 4058 361 4123 populi
381 4058 448 4108 dicti
464 4058 579 4107 Phaeaces
596 4073 612 4106 a
628 4058 729 4106 Plreuco
802 4055 1068 4122 Metrreusquestcgeili]
1085 4051 1304 4119 vapulabautqul

191 4135 277 4201 pileus,
288 4137 407 4201 Neptuni
421 4142 449 4185 et
466 4138 588 4201 Corcyrae
599 4135 729 4200 Nymphae
769 4134 923 4185 exornabant
934 4150 950 4182 a
961 4147 1048 4195 scopo.

195 4210 258 4263 lilio.
290 4212 342 4266 Illa
362 4212 444 4277 Epiro
463 4213 575 4276 adjacet,
603 4212 630 4261 in
654 4211 729 4262 lenio
803 4218 849 4262 155
867 4211 970 4261 Hirsuta
989 4206 1098 4271 Capella]
1145 4205 1303 4258 centurione

195 4289 272 4354 meri,
282 4295 443 4353 vocaturque
453 4286 622 4350 bodie‚Cos;fu.
770 4288 812 4338 vel
840 4283 992 4338 Gladiatorc
1019 4290 1124 4348 tyrones
1153 4290 1304 4336 exercente.

261 4370 534 4438 unumunurn.
727 4371 786 4428 rte.
994 4415 1004 4432 .,
1212 4366 1240 4415 X
