3059 4925
236 304 304 373 loa
518 318 567 367 nn
590 311 672 366 aar.
694 313 854 376 aaaron,
878 272 1058 379 aenaria,

235 464 392 550 majorem
406 463 472 528 sibi
489 463 727 549 justioremque
742 462 827 528 elios
838 475 840 478 ·
850 461 1007 546 carpendi
1028 462 1215 527 libertatem
1228 458 1338 525 vindi·

237 572 300 644 eet,
315 565 381 632 sibi
395 566 469 650 ipse
482 585 548 630 nou
558 565 680 649 parcit,
694 586 756 630 nec
770 566 897 643 melior,
912 584 1011 649 quam
1024 570 1087 640 est,
1096 563 1202 628 videri
1216 559 1337 645 cupit.⁶

235 669 417 735 e-Persius
432 689 554 733 errores
574 670 617 733 ad
636 669 824 734 Stoicorum
838 670 974 753 placita,
992 668 1137 751 vitiaque
1152 666 1196 730 ad
1217 665 1336 749 rigidae

235 773 365 838 virtutis
388 773 517 854 regulas
531 773 645 853 exigit,
670 781 704 835 et
717 771 770 835 vel
788 771 975 855 juveniliter
999 790 1040 834 ac
1064 787 1218 853 generose
1233 767 1338 845 ardet,

235 875 291 940 vel
312 893 442 937 morose
464 880 568 937 atram
590 873 692 937 bilem
716 872 1080 938 eminuit-Juvenalis
1101 875 1172 937 sive
1195 870 1338 953 graviter

235 978 391 1061 praecipit
404 978 554 1065 virtutem
567 980 600 1039 et
614 975 717 1039 severi
738 975 910 1039 monitoris
923 980 1034 1057 partes
1047 975 1126 1057 agit,
1141 974 1225 1050 sive,
1241 974 1292 1037 ira
1304 975 1340 1035 et

235 1080 458 1163 indignatione
471 1078 704 1153 inflammatus,
724 1077 759 1140 in
773 1078 850 1161 ipsa
862 1077 1054 1161 plerumque
1066 1077 1151 1141 uitia
1163 1076 1339 1154 invehitur,

235 1184 288 1259 vel
309 1182 439 1245 scutica
461 1179 606 1255 caedens,
631 1178 684 1242 vel
706 1179 824 1243 tollens
846 1179 1065 1243 cachinnum.⁷
1108 1176 1340 1243 Acrimoniom

236 1303 315 1349 vero
329 1282 576 1348 Archilochiam
590 1301 682 1365 saepe
695 1286 856 1364 temperat
868 1281 950 1359 risu,
973 1286 1008 1345 et
1029 1282 1221 1365 gravitatem
1236 1281 1340 1347 comi·

237 1393 305 1476 tote
320 1386 442 1465 condit,
479 1383 582 1449 Virus
594 1403 727 1468 quoque
743 1383 932 1447 acerbitatis
944 1383 981 1446 in
994 1384 1340 1467 primis-potissimum

238 1489 348 1553 satiris
362 1488 504 1568 evomit3
527 1488 562 1551 in
580 1488 636 1564 iia,
660 1506 736 1570 quae
752 1486 816 1551 viri
831 1492 929 1553 aetate
942 1490 1161 1572 provectioris
1182 1487 1341 1552 maturio-

237 1591 348 1674 risque
362 1591 484 1672 ingenii
498 1590 600 1655 foetus
612 1590 716 1655 rideri
730 1595 881 1674 possunt,
902 1592 962 1656 irae
975 1596 1083 1656 aestus
1096 1591 1163 1655 iere
1177 1588 1342 1655 deferbuit

238 1698 273 1758 et
289 1692 402 1776 frigori
416 1693 515 1757 cessit
528 1691 807 1759 declamationis:
829 1695 863 1758 in
887 1694 940 1758 his
965 1693 1067 1759 etiam
1081 1695 1189 1758 rarius
1208 1692 1345 1775 singuli,

238 1803 272 1862 et
284 1798 380 1864 dente
402 1797 510 1861 miuus
532 1797 696 1862 maledico
709 1803 873 1882 acuteque
894 1802 1080 1882 carpuntur,
1102 1798 1187 1862 utin
1201 1795 1342 1862 Horatii

238 1897 401 1985 epistolis.

281 2004 418 2069 Persius
432 2008 601 2088 praecepta
620 2023 660 2068 ac
680 2003 748 2068 tela
767 2007 894 2068 tantmn
913 2023 980 2067 nou
1004 2002 1117 2067 omnia
1139 2021 1183 2066 ex
1211 2000 1343 2084 porticu

235 2109 322 2192 petit
352 2112 385 2171 et
413 2107 548 2172 schola:
587 2107 746 2171 Horatius
774 2112 808 2171 et
846 2105 1021 2171 luvenalis
1052 2123 1098 2169 ex
1128 2103 1343 2188 philosophia

238 2228 317 2274 vara
338 2215 372 2274 et
395 2211 560 2294 poprdari,
584 2229 661 2293 quae
685 2230 730 2273 ex
752 2207 859 2273 multa
882 2227 989 2272 rerum
1013 2206 1221 2291 experientia
1241 2209 1343 2288 atque

237 2309 391 2375 interiore
413 2311 541 2395 generis
562 2311 749 2395 ingeniique
771 2312 906 2376 humani
928 2310 1115 2393 cognitione
1136 2309 1257 2373 hausta
1278 2311 1344 2386 est,

239 2418 274 2479 et
286 2413 329 2478 ad
353 2420 552 2497 praesentem
564 2414 618 2479 vel
633 2414 735 2479 animi
749 2433 895 2492 sensum,
910 2414 965 2480 vel
983 2432 1094 2477 rerum
1109 2411 1343 2488 conditionem,

241 2517 295 2581 vel
319 2516 463 2582 indolem
486 2518 665 2600 argumenti
688 2536 724 2582 se
743 2523 778 2583 et
795 2516 927 2603 judicia
952 2536 1015 2581 sua
1042 2514 1222 2598 componit,
1278 2513 1341 2577 ille

239 2637 332 2684 caeco
359 2619 439 2684 vitae
468 2638 509 2683 ac
539 2618 728 2703 disciplinae
769 2618 956 2683 Stoicorum
983 2636 1095 2682 amore
1124 2619 1243 2705 captus
1276 2632 1343 2678 non

239 2719 342 2798 ridet,
365 2719 446 2804 qnid
467 2721 503 2783 in
524 2719 587 2784 bae
611 2721 666 2784 vel
687 2721 747 2785 illa
771 2720 946 2804 displicere
964 2718 1090 2803 possit:
1118 2718 1172 2782 bis
1195 2716 1343 2798 pbiloso-
1426 2772 1432 2785 .

239 2821 391 2907 phorum,
419 2821 592 2905 praecipue
621 2822 807 2887 Stoicorum
843 2819 1119 2905 cynicorumque,
1141 2839 1264 2897 morea,
1285 2820 1343 2885 ba·

239 2924 340 3002 bitus,
369 2924 558 3006 paradoxa,
583 2925 735 3007 argutiae,
759 2923 959 3005 arrogantia,
983 2922 1191 2986 dissimilatio
1211 2922 1342 3004 aliaque

239 3026 325 3091 vitia
338 3029 466 3109 largam
479 3025 606 3090 ridendi
617 3025 847 3109 irascendique
860 3025 1034 3089 materiam
1046 3022 1222 3108 praebent.8
1245 3022 1342 3087 lilius

241 3128 475 3209 argumentatio
489 3131 540 3191 est
561 3127 693 3192 subtilia
711 3132 744 3191 et
758 3132 870 3204 acuta,
892 3147 953 3190 nee
977 3127 1044 3191 alte
1067 3127 1102 3190 in
1123 3127 1268 3190 animum
1285 3127 1344 3191 de-

242 3229 413 3307 scendens,
434 3228 551 3297 homm
571 3227 725 3311 simplex,
748 3229 792 3292 ad
803 3227 1067 3314 uniuscujusque
1081 3234 1217 3313 captum
1230 3249 1343 3294 usum-

742 3381 848 3432 NOTAE

273 3497 290 3543 6
305 3493 339 3543 V.
350 3491 471 3544 Wieland
483 3493 517 3542 ad
531 3492 624 3544 Horat.
639 3494 737 3545 Satn.
750 3498 774 3545 a.
814 3492 977 3558 turpitudine
987 3492 1248 3558 orta,iuatigat,nibil
1257 3497 1345 3558 potest

243 3575 270 3619 et
281 3573 306 3618 7.
814 3584 937 3634 suspenso
948 3569 1053 3618 brachio
1063 3575 1162 3633 namra,
1180 3570 1243 3619 nibil
1259 3569 1344 3639 facete

262 3645 291 3694 ’7
307 3645 316 3672 ‘
325 3646 390 3695 Cum
401 3645 471 3695 inter
482 3645 652 3696 eoahomines
663 3646 773 3711 viveret,
812 3648 937 3709 illudere3
954 3647 981 3696 iu
1000 3661 1124 3697 summam
1141 3648 1264 3698 invidiam
1283 3661 1345 3697 cou-

243 3735 351 3786 qnerum
369 3721 447 3770 animi
464 3722 584 3772 vitiorum
603 3722 773 3772 diuturnitate
814 3731 855 3774 tra
875 3725 991 3787 adducit,
1011 3740 1068 3789 quae
1086 3724 1257 3788 vituperanda
1276 3730 1346 3785 suot,

243 3796 398 3860 callumjom
410 3796 548 3858 duxerant,
560 3797 714 3861 ingeniaque
731 3798 775 3847 eb·
813 3804 841 3848 et
861 3799 926 3848 risus
947 3799 1064 3848 leniret
1080 3799 1220 3863 jucundus,
1239 3814 1291 3865 quo
1310 3798 1344 3848 ab

242 3872 301 3923 tusa
310 3878 385 3923 erant
391 3872 490 3922 ltrxuria
500 3889 506 3921 :
517 3872 664 3922 urbanitate
673 3878 700 3922 et
706 3872 775 3922 faee-
814 3874 891 3924 animi
909 3875 1072 3939 permotione
1091 3875 1157 3923 liber
1169 3886 1232 3924 nsua
1245 3874 1349 3936 fuisset,
1370 3869 1373 3874 ’

242 3949 360 4015 tiia,qnae
368 3950 507 4000 Horatium
517 3949 727 4011 nobilitaverunt,
734 3951 774 4015 jo-
813 3966 882 4001 nunc
890 3951 917 4000 in
928 3951 1080 4002 cachinnum
1091 3950 1164 4001 abit?
1194 3950 1290 4016 Koenig
1300 3952 1317 4001 t
1327 3953 1346 4003 1.

243 4025 332 4091 eisque
346 4025 480 4075 subtilibus
488 4031 517 4075 et
526 4025 608 4074 acutia
618 4026 662 4075 vix
670 4032 774 4090 peterat
814 4043 840 4092 p.
851 4033 893 4079 87.

244 4104 294 4154 uti.
326 4104 448 4165 Accedit,
459 4103 529 4168 quod
549 4104 581 4167 is,
597 4119 674 4168 quem
691 4105 775 4170 indig·
847 4105 1139 4158 ev.Juven.sat.11.
1170 4103 1292 4154 Wielend
1309 4104 1344 4154 ad

244 4180 324 4244 natio,
343 4195 377 4230 ex
396 4180 547 4245 sceleribus,
558 4180 737 4248 improbitate,
746 4189 775 4232 et
816 4181 882 4232 lior.
890 4182 946 4231 Sat.
957 4193 978 4234 1.
986 4185 1010 4233 8.
1019 4181 1147 4232 etMeaso
1154 4180 1172 4231 l.
1181 4181 1200 4230 1.
1207 4181 1298 4245 pide.
1305 4180 1345 4246 η’.
