3059 4925
504 367 642 432 rrasn,
666 366 961 421 susurratum.
1205 355 1270 423 lul
1332 359 1347 370 “

160 510 420 597 inbanqnillnm
441 511 575 597 quidem
597 511 808 596 redigebatur
828 511 1017 596 frugalitate
1035 507 1217 599 Vespasiani
1237 519 1273 583 et

107 653 111 662 ι
159 616 357 683 liberalitato
382 611 461 694 Titi,
483 617 606 681 amoris
627 620 726 701 atque
751 616 945 681 deliciarum
966 617 1093 700 generis
1115 618 1271 701 bumani3

160 718 221 783 sed
233 736 317 782 mox
330 718 471 784 aranda
484 725 519 784 et
539 718 732 785 crudelitate
748 716 929 782 Domitiani
942 720 1058 785 iterum
1072 721 1272 803 profligaba-

160 825 226 899 tar,
252 839 361 905 neque
386 820 471 885 ferre
491 826 621 905 poterat
648 820 905 888 munificentiam
931 827 964 887 et
989 824 1272 891 mansuetudinem

36 965 40 974 -
163 919 287 1002 Nerva,
302 943 378 1007 quae
401 926 580 989 contemtui
601 925 816 991 habebantur.
860 924 962 992 Nova
980 925 1012 991 ei
1035 925 1096 991 lux
1118 926 1273 1010 affulgere

160 1025 267 1109 coepit
280 1023 356 1089 inde
370 1025 414 1090 ab
429 1045 461 1091 a.
473 1023 517 1090 U.
527 1044 558 1092 c.
571 1026 648 1092 850.
662 1026 873 1108 regnantibus
889 1023 1026 1114 Trcy'cao
1039 1032 1073 1091 et
1084 1023 1271 1093 Hadriana·

161 1126 226 1192 Ille
238 1128 423 1193 libertatem
435 1146 476 1192 ac
491 1127 642 1207 salutem,
656 1128 863 1194 securitatem
878 1133 978 1213 atque
993 1128 1098 1194 otium
1108 1129 1271 1195 universis

161 1234 196 1294 et
224 1228 363 1311 singulis
391 1227 560 1308 reddebat,
582 1234 616 1294 et
643 1229 820 1314 imperium
842 1235 911 1295 tam
933 1231 1016 1295 bene
1038 1237 1073 1297 et
1098 1231 1272 1297 elementa

161 1329 423 1409 administrabat,
446 1335 484 1396 ut
511 1338 646 1396 seman
668 1331 802 1398 decreto
826 1337 860 1398 et
879 1334 1103 1399 consentiente
1124 1333 1272 1398 omnium

157 1450 248 1497 ‘voce
264 1428 407 1517 Optimus
421 1434 660 1519 appellaretur:
680 1433 736 1499 bie
761 1436 892 1518 legibus
915 1435 1083 1502 civimam
1098 1433 1272 1513 condebat,

160 1535 355 1620 prouincias
377 1541 411 1601 et
429 1536 577 1601 literatos
598 1536 797 1601 liberalitate
821 1537 1029 1617 sublevabat,
1048 1536 1189 1624 judicia,
1202 1557 1272 1602 rem

161 1636 335 1703 militarem
364 1637 638 1723 disciplinamque
666 1638 917 1723 diligentissime
946 1641 1177 1706 constituebat.
1231 1639 1273 1706 In

161 1738 221 1805 illo
235 1744 419 1825 temporum
431 1761 604 1826 rerumque
616 1746 714 1822 stabi,
724 1749 800 1809 ante
810 1742 1053 1828 Vespasianum
1062 1747 1096 1808 et
1110 1740 1272 1822 Nervam,

162 1841 223 1906 vix
237 1842 354 1907 umbra
366 1842 422 1908 vel
432 1840 642 1926 frugalitatis,
657 1842 809 1928 pudoris,
817 1842 1050 1927 magnitudinis
1064 1843 1176 1923 animi,
1190 1845 1274 1909 alia

162 1962 301 2028 rumque
315 1946 469 2011 virtutum
482 1943 701 2028 pristinanrm,
716 1945 838 2030 quibus
852 1965 913 2010 nee
927 1945 1032 2011 bonor
1047 1965 1109 2012 nec
1131 1948 1273 2030 pretium

163 2050 236 2110 erat
263 2046 379 2125 ullum,
408 2048 462 2113 vel
495 2052 605 2112 metus
631 2046 751 2131 legum,
776 2048 949 2126 libertatis,
976 2051 1075 2132 atque
1105 2048 1273 2130 religionis

163 2148 419 2233 relinquebatur,
433 2154 468 2215 et
478 2150 634 2234 vigebant
647 2148 758 2214 omnia
770 2150 923 2215 vitiorum
938 2166 1144 2232 generasse
1162 2147 1273 2214 minus

162 2256 324 2336 prorupta
337 2252 479 2318 audacia
494 2247 716 2335 ‚Deorumque
737 2255 935 2330 contemtus,
949 2269 1050 2336 quam
1072 2252 1192 2316 servile
1213 2253 1273 2319 ob·

164 2355 319 2439 sequium
332 2360 366 2420 et
380 2355 479 2420 anilis
494 2354 695 2440 superstitio.
737 2353 893 2419 Honores
906 2374 972 2420 non
986 2354 1164 2420 vinutibus
1176 2355 1274 2421 meri·

163 2457 274 2542 ttsque
294 2458 465 2542 patebant,
490 2457 549 2523 sed
570 2457 625 2523 vel
645 2455 774 2523 divitiis
794 2464 828 2524 et
848 2457 1025 2538 nobilitati,
1045 2458 1099 2524 vel
1117 2457 1273 2524 sordibus

164 2561 360 2644 artibusque
374 2560 564 2626 inhonestis.
608 2558 643 2625 A
665 2561 786 2628 studiis
805 2561 1025 2627 severioribus
1039 2560 1139 2645 plane
1153 2561 1273 2627 abhor-

164 2664 280 2728 rebant
290 2662 459 2729 bominum
478 2663 627 2748 ingenia3
652 2678 729 2730 cum
753 2663 886 2730 luxuria
909 2669 1007 2748 atque
1026 2663 1183 2728 libidines
1205 2682 1273 2727 non

164 2767 313 2852 corporis
326 2770 467 2846 mnium,
482 2766 542 2833 sed
563 2766 665 2832 animi
687 2769 790 2833 etiam
811 2767 898 2833 vires
919 2769 1130 2852 vigoremque
1144 2786 1273 2833 omnem

164 2870 399 2952 extinguerent.
444 2868 516 2949 Qui
526 2869 796 2953 pbilosophorum
809 2887 927 2934 nomen
946 2873 981 2934 et
1001 2886 1123 2933 munus
1137 2866 1273 2951 prolite-

163 2969 293 3051 bantur,
304 2971 335 3036 si
350 2971 511 3038 Senecam
521 2977 556 3038 et
570 2970 762 3050 Cornutum,
772 2971 917 3051 Stoicos,
930 2970 1080 3054 aliosque
1094 2967 1273 3035 admodum

165 3090 293 3156 paucos
308 3075 493 3158 exceperis,
510 3074 565 3139 vel
586 3074 790 3159 voluptatum
810 3073 973 3139 illecebris
995 3073 1085 3156 capti
1106 3070 1275 3156 Aristippi

164 3178 198 3239 et
211 3175 360 3262 Epicuri,
369 3176 423 3241 vel
436 3172 627 3261 disputandi
638 3180 766 3242 tantm
779 3173 962 3260 cupiditate
975 3173 1067 3241 ducti
1078 3171 1272 3241 Academiae

165 3274 377 3362 disciplinam
398 3279 619 3357 sectabantur,
638 3278 692 3343 vel
714 3276 789 3342 sola
808 3296 906 3343 vanae
927 3275 1154 3342 ostentationis
1168 3293 1275 3344 causa

167 3375 356 3445 Stoicorum
376 3385 548 3465 praecepta
560 3384 593 3445 et
607 3379 812 3463 munitm,
827 3396 893 3442 non
908 3378 979 3443 vita
991 3382 1026 3443 et
1037 3377 1198 3455 moribus,
1213 3375 1273 3442 scd

167 3482 288 3560 verbis,
303 3484 419 3562 barba,
442 3482 633 3567 supercilio,
645 3480 821 3560 vcstitu,et
841 3480 950 3546 victis
970 3479 1149 3563 asperitate
1162 3477 1274 3563 expri-

167 3584 310 3662 mebant,
324 3584 378 3650 vel
395 3583 538 3668 denique
556 3582 638 3648 nulli
658 3587 761 3649 sectae
787 3581 923 3662 addicti,
942 3600 1043 3667 apum
1062 3581 1177 3658 instar,
1194 3599 1273 3664 quae

168 3685 355 3763 arriderent,
379 3685 528 3771 undique
552 3683 753 3750 delibabant.
797 3683 1005 3769 Eloquentia,
1030 3683 1182 3749 libertate
1205 3681 1275 3765 pri·

167 3804 256 3851 mum
270 3792 305 3852 et
318 3788 437 3853 deinde
453 3780 595 3854 comitiis
604 3787 722 3871 poan
736 3785 906 3853 aTiberio
919 3785 1057 3852 sublatis
1070 3784 1274 3868 mutuasque

167 3891 313 3955 moribus
327 3909 369 3955 au
383 3889 513 3969 studiis,
527 3909 549 3954 a
569 3890 691 3955 lrnnlne
711 3888 845 3967 forensi,
858 3893 892 3953 et
905 3905 1080 3953 causarum
1098 3891 1166 3951 tam
1187 3885 1274 3950 veri·

169 3995 235 4055 tate
252 4011 355 4076 qnam
376 3993 551 4078 gravitam
566 3990 609 4056 ad
629 3988 761 4077 judicia
784 3989 1072 4065 centumuirorum,
1092 3987 1136 4050 ad
1157 3985 1273 4051 adula-

169 4094 270 4159 torios
307 4095 525 4180 panegyricos
550 4095 586 4160 in
613 4098 727 4159 senata
752 4092 935 4170 habendos,
960 4094 994 4154 et
1019 4087 1062 4153 ad
1085 4087 1273 4154 scholarum

171 4196 319 4263 umbram
341 4198 556 4284 tietammque
577 4215 751 4265 causarum
774 4194 953 4263 annana
975 4189 1221 4271 traducebatur,
1239 4194 1275 4256 et
