3059 4925
266 335 332 406 112
549 353 599 405 nn
621 349 705 402 sir.
729 350 888 417 nucrnu,
909 353 1084 420 aonurrr,

309 494 458 563 Horatio
478 498 615 582 propria
635 501 687 564 est
707 505 848 564 venusta
868 500 1040 566 urbanitas
1062 507 1097 567 et
1115 502 1228 572 faceta
1245 503 1367 586 illusio,

266 596 384 672 Persio
405 602 550 684 gravitas
578 599 704 679 Stoica,
724 599 883 666 iuvenali
911 604 1086 667 samaritas
1116 611 1150 672 et
1178 623 1367 674 sarcasmus

265 697 510 771 Archilochius.
554 702 704 785 Persius,
730 706 789 788 qui
809 710 847 769 ret
866 711 984 771 natura
1005 712 1040 772 et
1062 705 1264 776 institutione
1278 719 1368 778 totus

260 800 310 876 ‘ed
337 808 541 873 severitatem
570 806 680 873 factus
715 814 796 888 erat,
822 827 889 874 non
916 810 1010 889 ridet,
1032 810 1092 875 sed
1116 813 1171 877 vel
1199 815 1369 882 convicia·

258 916 329 990 rar,
343 910 397 977 uel
410 910 549 976 inscitos
558 907 764 995 frigidosque
773 912 937 985 immiscet
945 912 1055 996 jocos,
1070 914 1135 978 etsi
1148 934 1185 979 se
1198 915 1369 998 profitetur

264 1011 482 1080 cachinnorum
491 1011 651 1100 petulanti
671 1011 785 1099 splene,
807 1015 894 1094 (Sat.
911 1032 937 1080 1.
953 1013 1026 1099 12.)
1038 1021 1072 1080 et
1085 1034 1224 1100 operam
1237 1002 1369 1084 dedisse

264 1114 404 1198 videtur,
426 1123 464 1182 ut
475 1117 555 1202 styli
568 1116 732 1182 Lucilieni
745 1135 877 1196 nasum,
898 1120 979 1195 vim,
997 1123 1031 1182 et
1051 1118 1257 1184 inconditam
1267 1139 1369 1205 aspe—

263 1218 393 1284 ritatem
405 1218 592 1282 Horatiana
602 1222 776 1284 venustate
788 1223 822 1283 et
834 1218 1000 1302 elegantia
1012 1225 1221 1304 temperaret.
1264 1222 1368 1290 Juve-

263 1323 349 1389 nalis
363 1324 453 1389 sales
462 1342 555 1408 saepe
564 1343 631 1387 non
645 1324 755 1390 minus
770 1324 889 1389 urbani
904 1329 981 1389 sunt
994 1328 1028 1388 et
1041 1323 1151 1403 faceti,
1174 1343 1276 1408 quam
1290 1325 1367 1391 Ho-

263 1427 394 1506 ratiani,
409 1423 444 1491 et
466 1439 701 1510 nonnunquam
714 1446 775 1510 per
795 1432 902 1493 totam
916 1426 1098 1491 orationem
1107 1427 1175 1491 susi
1189 1447 1230 1492 ac
1242 1429 1367 1512 sparsi,

261 1527 609 1614 (v.c.inSat.1v.et
631 1528 771 1594 dimidia
793 1528 864 1594 Set.
886 1523 976 1612 xli.)
997 1528 1188 1612 plerumque
1210 1547 1290 1594 vero
1311 1530 1368 1595 rel

265 1632 370 1696 amari
383 1635 417 1696 et
428 1631 594 1709 venenati,
614 1631 670 1696 rel
684 1631 727 1695 ad
742 1631 950 1709 cachinnum,
970 1650 1037 1696 non
1050 1632 1156 1697 risum
1168 1629 1368 1696 movendum

265 1733 349 1816 apti,
364 1731 419 1799 vel
433 1732 598 1798 obscoeni.
643 1729 764 1817 Lepidi
778 1734 851 1818 ejus
860 1731 932 1817 joci
954 1738 1104 1818 spectant
1124 1732 1299 1817 praecipue
1323 1727 1368 1800 ad
1388 1817 1394 1823 δ

263 1836 441 1900 vanitatem
464 1835 519 1901 vel
540 1835 709 1917 religionis
731 1834 983 1919 vulgariumque
1008 1834 1050 1899 de
1074 1841 1192 1901 natura
1217 1836 1367 1899 Deorum

261 1938 506 2017 sententiarum,
531 1939 586 2003 vel
608 1938 796 2003 fabularum
815 1937 1032 2022 po'eticerum,
1055 1957 1196 2022 quarum
1219 1935 1367 2002 deriden-

263 2036 380 2104 darum
393 2040 518 2105 nullam
531 2042 751 2124 praetermittit
764 2039 986 2108 occasionem.
1018 2040 1073 2108 Cf.
1088 2042 1159 2108 Sat.
1172 2058 1198 2106 1.
1220 2040 1275 2106 81.
1291 2059 1366 2123 sqq.

264 2155 306 2206 rr.
319 2141 374 2208 31.
386 2142 463 2209 130.
478 2161 555 2226 sqq.
594 2159 644 2206 ιν.
659 2143 715 2208 34.
731 2162 782 2227 sq.
826 2160 877 2208 vr.
892 2145 946 2210 59.
991 2160 1046 2208 rx.
1061 2143 1116 2210 63.
1129 2163 1205 2227 sqq.
1237 2141 1366 2206 16246.

262 2241 340 2309 314.
386 2260 459 2309 x11.
474 2245 529 2310 23.
575 2246 860 2334 annutante.
875 2266 951 2331 sqq.
974 2247 1051 2313 112.
1066 2265 1140 2330 sqq.
1178 2260 1259 2311 xrv.
1274 2243 1351 2309 261.

297 2338 445 2411 'Horatii
458 2351 491 2411 et
500 2345 675 2412 luvenalis
690 2345 802 2415 satirae
816 2349 963 2415 redolent
977 2354 1011 2415 et
1025 2349 1153 2434 spirant
1165 2348 1258 2412 illam
1277 2345 1370 2428 inge-

258 2447 308 2515 nii
323 2448 503 2513 ubedatem
517 2452 551 2513 et
563 2448 826 2530 foecunditatem,
833 2472 912 2536 quea
921 2453 976 2517 rel
988 2452 1067 2537 ipsa
1075 2450 1153 2516 novi
1168 2447 1252 2534 quid
1264 2448 1368 2534 parit,

261 2556 296 2615 ct
309 2551 470 2616 intentata
484 2551 528 2616 ab
552 2551 627 2616 aliis
651 2557 766 2633 tentat,
790 2555 845 2620 vel
869 2556 1002 2620 inventa
1026 2554 1166 2619 aliorum
1189 2571 1253 2616 sua
1272 2551 1367 2629 facit,

262 2653 440 2735 ingeniosis
454 2666 521 2717 non
533 2654 644 2718 minus
658 2654 827 2739 ingeniose
845 2663 951 2736 utens,
972 2656 1071 2721 rudia
1084 2660 1195 2721 autem
1206 2659 1241 2719 et
1254 2653 1369 2719 incho-

263 2760 320 2820 ata
344 2755 483 2840 poliens,
513 2776 645 2836 ornans,
669 2758 855 2843 perficiens.
899 2759 1036 2826 Persius
1061 2765 1201 2842 utraque
1229 2773 1367 2840 prorsus

261 2855 330 2923 fere
343 2857 519 2924 destitutis
533 2864 624 2924 erat:
646 2846 811 2944 permulta
825 2860 969 2927 Horatio
983 2860 1247 2946 acceptarefert,
1269 2862 1314 2936 et,
1336 2856 1369 2922 si

262 2954 399 3026 Cornuti
411 2961 617 3046 aliorumque
640 2962 831 3028 Stoicorum
850 2964 980 3048 scripta
1001 2962 1046 3035 od
1067 2966 1201 3028 aetatem
1219 2963 1367 3025 nostram

262 3063 498 3146 pervenissent,
512 3064 611 3147 plura
621 3063 711 3142 haud
721 3063 822 3129 dubia
835 3065 987 3148 vestigia,
1002 3066 1045 3129 ab
1059 3083 1100 3129 eo
1110 3081 1237 3147 pressa,
1252 3060 1367 3144 depre-

71 3171 73 3176 '
202 3238 208 3244 ¹
262 3163 488 3229 henderemus.

307 3264 410 3344 Quod
425 3265 469 3330 ad
494 3250 674 3332 sententias
696 3267 824 3348 attinet,
849 3269 1013 3334 Horatius
1035 3267 1155 3346 facete,
1178 3266 1365 3351 prudenter,

263 3356 401 3447 collide,
422 3373 457 3433 et
482 3369 590 3434 amice
615 3370 751 3454 suadet3
789 3371 924 3438 Persius
943 3375 1065 3454 ,agua
1098 3368 1366 3455 philosophatur,

261 3461 369 3535 rerum
383 3469 531 3554 pondera
554 3490 646 3557 saepe
668 3474 897 3541 minutissimis
922 3474 1094 3539 sententiis
1116 3473 1283 3556 frangens3
1304 3469 1368 3536 Ju-
1442 3528 1444 3532 .

261 3572 388 3637 venalis
402 3573 457 3638 vel
470 3575 615 3656 graviter
628 3572 812 3654 dissuadet,
830 3576 885 3643 vei
897 3575 989 3643 virus
997 3574 1188 3640 acerbitatis
1200 3593 1272 3638 suae
1286 3591 1368 3638 ero·

261 3674 334 3752 mit,
355 3679 392 3740 at
405 3694 637 3760 nonnunquam
650 3677 781 3743 inanem
805 3680 884 3744 artis
908 3677 1136 3761 doctrinaeque
1158 3668 1366 3740 ostentanda

262 3775 477 3861 cupiditatem
490 3778 600 3861 prodit
613 3784 648 3844 ct
660 3780 768 3864 friget,
777 3781 875 3847 nimis
890 3784 1020 3846 sectans
1030 3780 1187 3845 orationis
1200 3776 1367 3842 luxurient

261 3882 309 3959 (v.
325 3899 355 3944 c.
371 3877 442 3943 Sat.
460 3894 515 3943 rx.
531 3879 607 3944 102.
621 3898 696 3965 sqq.
742 3897 782 3945 x.
793 3881 871 3948 218.
880 3902 933 3966 sq.
978 3894 1067 3948 xm.
1080 3881 1135 3948 23.
1151 3901 1225 3967 sqq.
1239 3880 1295 3945 34.
1310 3897 1366 3963 sq.

195 4062 199 4071 ι
260 3981 317 4046 46.
332 4000 383 4066 sq.
406 3976 460 4045 62.
475 4000 526 4063 sq.
543 3978 604 4067 al.)
626 3989 660 4067 et
678 3984 843 4049 rhetorum
857 3984 1027 4068 argutiasr
1049 4000 1125 4070 quae
1140 3990 1251 4050 mmen
1265 3987 1368 4049 acuta

261 4081 352 4146 dicta
365 4081 463 4146 valde
476 4075 698 4151 admirabatur
712 4085 872 4170 Scaliger.
1118 4107 1123 4115 ’
1395 4096 1402 4113 ’

304 4180 481 4252 Sententiis
494 4185 693 4275 salubribus,
709 4188 753 4257 ad
766 4191 870 4257 dmm
883 4190 979 4270 bene,
992 4189 1140 4271 honeste,
1159 4187 1300 4259 feliciter
1315 4191 1366 4252 at·
