3059 4925
232 276 278 346 5ss
678 294 888 354 susurras

233 442 296 508 sat
308 441 410 519 salsa,
425 440 641 530 versibusque
654 441 846 526 pleramque
858 442 991 512 alternis
1005 448 1039 508 er
1058 442 1254 514 uramara.
1268 462 1327 520 er-

233 544 473 634 temporalibus
499 538 801 627 (αὐτοσχεδιᾶσμασι)
823 562 996 634 expressa,
1020 545 1142 629 quibus
1164 538 1337 629 amotae,

233 645 312 722 uino
326 645 426 731 pleni,
441 649 475 709 et
496 649 733 729 praetereuntes
750 652 785 709 et
805 665 842 710 se
863 646 1004 714 invicem
1025 646 1243 725 lacessebant,
1259 649 1339 711 ani·-

233 768 360 822 morum
380 749 572 814 remissione
593 753 626 812 et
646 747 835 814 temulentia
848 754 1034 818 excusante
1051 748 1244 833 jocandiet
1262 750 1334 815 irri-

234 849 335 913 dendi
353 850 547 914 licentiam.²
596 848 726 928 Sensim
747 869 826 926 sero
848 867 902 916 ars
924 850 1074 922 adhiberi
1098 851 1213 934 erepit,
1232 849 1339 920 rusti.

235 952 331 1035 cique
351 953 501 1035 homines
523 950 566 1016 ad
598 971 767 1016 numerum
782 952 905 1037 (ῥυθμὸν,
929 950 1036 1038 μέτρα,
1052 953 1102 1020 sal
1129 949 1279 1036 ἁρμονίαν)
1299 960 1333 1018 et

236 1073 353 1144 canere
379 1061 414 1144 et
431 1055 622 1140 gesticulari
644 1075 705 1133 seu
727 1057 850 1124 saltare
875 1057 1060 1128 discebant.
1105 1055 1200 1121 Iude‘
1216 1054 1338 1134 choras,

235 1159 293 1241 qui
307 1158 473 1242 principio
485 1178 504 1222 e
519 1156 650 1241 Satyris
664 1164 701 1223 ut
715 1159 892 1243 plurimum
906 1159 1176 1243 componebatur,
1191 1159 1334 1244 ipsaque

235 1258 350 1343 poiisis
361 1257 506 1344 (θεατρικὴ
517 1261 652 1341 μουσικὴ)
667 1261 825 1344 originem
841 1260 972 1330 duxit-³,
985 1260 1125 1345 Duplex
1133 1267 1241 1327 aulem
1250 1260 1334 1327 iliud

236 1363 441 1450 canticorrun
454 1383 558 1445 genus
571 1365 731 1447 paulatim
755 1364 923 1433 scenicam
939 1362 1226 1449 dramaticamque
1240 1362 1336 1430 Grae·

237 1484 353 1529 corum
379 1473 494 1544 artem,
520 1471 552 1531 et
580 1466 716 1531 alterum
744 1464 877 1551 quidem
906 1465 1074 1551 trogoditis
1114 1463 1287 1553 (τραγῳδίας
1307 1485 1335 1530 s.

236 1568 406 1658 rpuypbtar)
435 1570 572 1646 alterum
600 1567 761 1632 ccmoedics
785 1567 1134 1654 (sappbiar)pepe1it.4
1187 1569 1242 1634 Ex
1269 1570 1337 1633 illis

236 1675 400 1757 praeterea
421 1670 531 1735 choris
556 1670 757 1756 Satyrorum,
774 1690 859 1755 quos
881 1672 1005 1755 priscis
1030 1671 1234 1755 temporibus
1252 1673 1337 1736 ruri-

237 1772 334 1860 colae,
378 1773 457 1859 vino
478 1773 667 1859 gaudioque
697 1773 894 1850 exultantes,
918 1774 1071 1859 omnique
1094 1774 1282 1839 dicacitatis
1306 1780 1340 1839 et

236 1876 427 1958 petulantiae
441 1896 555 1959 genere
570 1878 674 1941 risum
696 1878 833 1955 cientes,
855 1876 1006 1958 agebant,
1026 1882 1115 1942 natae
1143 1882 1219 1941 suut
1244 1875 1339 1964 Saty·

237 1975 307 2048 rica
331 1977 526 2062 Graecorum
543 1977 684 2066 fabola,
716 1999 805 2063 quae,
830 1999 907 2044 cum
923 1985 1124 2062 ,argumento
1152 1980 1338 2063 tragoediis,

238 2081 481 2164 compositione
505 2081 681 2147 comoediis
698 2083 863 2167 proximae
886 2087 1006 2161 essent,
1028 2082 1159 2146 illarum
1180 2084 1339 2148 severita-

235 2185 301 2245 tem
327 2183 441 2249 harum
461 2184 625 2252 hilaritate
647 2182 883 2267 temperabant,
910 2189 944 2247 et
977 2203 1044 2247 nou
1069 2187 1117 2248 ita
1138 2185 1241 2249 multo
1261 2190 1341 2270 post

237 2281 418 2368 Thespidis
438 2286 619 2350 inventoris
630 2292 778 2368 tempora
789 2289 822 2350 iu
845 2287 987 2350 scenicis
1003 2286 1202 2368 tragicorum
1223 2286 1340 2370 poeta·

237 2404 308 2450 rum
321 2390 552 2453 certaminibus
566 2409 592 2453 s.
606 2388 819 2476 τιτςαλογὶαις,
832 2409 909 2474 quae
930 2388 1035 2454 tribus
1056 2388 1151 2454 festis
1165 2388 1341 2467 Bacchicis

237 2489 290 2552 vel
308 2489 516 2557 Liberalibus
529 2490 697 2571 (Διονυσίοις
709 2488 772 2568 raia
784 2496 813 2555 ἔν
835 2492 966 2575 Λίμναις,
978 2496 1035 2566 τοῖς
1054 2477 1118 2556 ιιατ’
1132 2489 1208 2554 ἄστυ
1229 2498 1262 2556 et
1283 2495 1341 2564 τοῖς

239 2594 304 2657 κατ’
327 2592 449 2680 ἀγροὺς)
471 2596 737 2673 celebrabantur,
754 2597 847 2660 trinis
870 2594 1052 2677 tragoediis,
1076 2595 1248 2658 abeodem
1266 2610 1342 2678 prc-

238 2697 360 2779 positis
380 2698 483 2781 poita
505 2704 538 2763 et
559 2704 745 2783 argumento
766 2700 845 2764 ‘sere
866 2697 1178 2794 haud‘disparibus,
1203 2717 1278 2781 eum
1307 2697 1342 2769 in

239 2797 335 2881 finem
349 2802 503 2887 subjungi
524 2804 684 2881 solebant,
707 2808 744 2867 ut
766 2801 925 2886 quicquid
945 2801 1086 2866 tristitiae
1112 2820 1157 2865 ex
1178 2799 1243 2864 illis
1261 2798 1343 2863 forte

238 2899 391 2968 haustum
412 2910 511 2984 esset,
530 2905 583 2969 his
602 2904 827 2970 relaxaretur-⁵
881 2903 1010 2967 Praeter
1026 2903 1087 2967 has
1110 2897 1342 2987 verovfnbrtar

240 3000 537 3091 tragice-satyricus,
560 3027 579 3070 c
603 3006 724 3091 quibus
745 3025 813 3071 uua
837 3010 974 3080 tautum,
988 3003 1135 3091 Cyclops
1159 2991 1342 3091 Euripidis¹

238 3110 363 3198 integra
374 3122 534 3201 superest,
555 3117 646 3182 fuere
655 3103 755 3185 etiam
770 3115 1068 3203 comice-satyrica,⁶
1081 3137 1146 3182 uon
1161 3117 1340 3200 atragicis,

740 3308 848 3360 Now

273 3434 343 3489 2Ct'.
362 3436 420 3486 lora
436 3437 591 3502 class.Virg.
601 3439 650 3489 Ge.
669 3452 701 3489 ιι.
717 3442 768 3491 186
844 3438 956 3491 bConf.
986 3438 1097 3490 casaub.
1117 3438 1164 3487 lib.
1193 3451 1213 3488 r.
1240 3452 1264 3487 c.
1279 3441 1344 3486 1-6.»

241 3526 297 3578 sqq.
330 3513 422 3564 Horat.
443 3514 528 3578 Epist.
551 3527 581 3563 ιι.
599 3519 623 3565 1.
645 3518 694 3567 lae
712 3530 769 3580 sqq.
802 3517 870 3580 impr.
888 3533 915 3581 p.
936 3520 1053 3566 11⁷·125.
1093 3516 1176 3566 Buble
1192 3516 1211 3564 l.
1230 3514 1344 3565 tmoli·

241 3596 269 3641 et
287 3589 380 3639 Tibull.
403 3603 423 3641 ι.
438 3594 464 3639 t.
475 3595 555 3656 alico.
583 3605 615 3641 ιι.
634 3596 658 3641 1.
678 3597 709 3643 51
730 3606 771 3656 sq·
810 3594 1028 3659 encolpium
1062 3593 1152 3657 Flb'gel
1171 3594 1200 3642 Τ.
1220 3606 1241 3642 1.
1254 3608 1284 3657 p.
1296 3592 1345 3642 tat

240 3663 410 3715 scurrilitatis
428 3666 498 3723 illius
518 3668 638 3731 exempla
655 3675 720 3721 nota
736 3685 771 3719 ex
812 3685 869 3736 sqq.
901 3671 1005 3721 Potteri
1017 3669 1097 3720 Arc-b.
1110 3670 1158 3719 Gr.
1170 3670 1202 3718 Τ.
1213 3681 1233 3718 ι.

242 3740 339 3791 Horat.
354 3742 410 3792 Sat.
429 3750 484 3795 nb.
495 3749 527 3794 bl
539 3759 579 3810 sos
596 3750 622 3796 7.
639 3749 652 3795 1
672 3758 712 3811 sq.
739 3751 773 3798 28
844 3746 904 3797 ald
913 3746 1344 3811 quidemaonfngtrcmnbonms

226 3822 281 3884 aq.
313 3818 510 3881 Virg.Erl.1rr.
812 3829 841 3873 et
854 3823 1045 3887 Spanbemium,
1063 3822 1110 3872 sed
1132 3823 1224 3872 leviter
1240 3828 1342 3872 rantum

274 3895 378 3948 sceaf.
390 3897 500 3948 Aristot.
513 3898 588 3950 Po'e't.
599 3902 659 3950 cut.
676 3899 772 3952 Tibull.
811 3902 868 3968 (ille
885 3917 909 3965 p.
926 3906 983 3952 114.
998 3901 1041 3950 bie
1058 3916 1086 3966 p.
1106 3899 1167 3963 aso)
1179 3915 1233 3950 rem
1250 3899 1346 3963 selige·

242 3972 286 4024 Μ.
811 3988 882 4045 runt,
907 3995 985 4046 quani
1006 3980 1108 4044 prolixe
1130 3977 1227 4041 primm
1247 3984 1277 4026 et
1293 3988 1347 4024 neu

275 4050 333 4100 tv.
340 4049 450 4111 Aristot.
460 4051 477 4102 b
488 4052 506 4100 l.
517 4058 545 4102 et
555 4051 649 4103 Atlreo.
659 4068 690 4106 ιι.
698 4069 725 4118 p.
732 4056 775 4104 lb.
815 4058 897 4109 minas
905 4056 1121 4122 ingenioseque
1131 4054 1210 4104 docte
1221 4052 1346 4105 tractarit

243 4126 285 4175 ed.
297 4127 408 4177 Casaub.
417 4128 614 4194 Blaukeuburg.
622 4131 651 4181 Τ.
661 4145 681 4182 ι.
692 4145 718 4196 p.
726 4135 774 4188 504,
815 4132 1027 4185 mensurarit.
1077 4150 1081 4156 ·

245 4219 284 4269 bq.
