3059 4925
238 315 283 384 30
760 324 854 373 vrrs
878 370 881 376 .

236 477 342 545 metra
364 473 488 555 Plinio,
502 479 536 541 et
555 469 655 537 active
667 468 836 535 viaticatus
850 469 985 547 Plauto,
1000 469 1060 553 qrri
1076 469 1144 536 levi
1156 470 1281 537 melico
1293 473 1344 539 in·

238 587 384 666 structam
405 583 466 645 est.
513 576 682 643 Proeterea
702 594 769 640 non
791 582 929 638 semestre
950 575 1103 640 aestivum
1120 574 1206 641 illud
1229 594 1348 643 aurun

237 683 410 762 diceretur,
431 680 491 772 sed
515 679 687 744 trimestre:
709 698 773 743 nec
794 678 883 750 enim
904 696 966 742 sex
987 683 1077 744 totos
1096 695 1231 742 meum
1247 676 1345 745 emet

238 792 354 867 aestas,
369 791 407 851 ut
418 805 482 850 nec
498 784 665 848 semestris
678 787 730 848 est
743 782 862 847 hiems.
901 778 948 848 at
960 787 1101 844 temnere
1110 799 1223 844 aarum
1234 780 1346 845 annuli

239 895 326 968 sunt,
352 907 436 973 quos
465 886 620 968 gerebant
647 884 787 948 Tribuni
815 888 1003 963 semestres,
1035 901 1098 967 pro
1125 883 1246 967 insigni
1274 903 1345 948 sum

238 991 416 1072 dignitatis.
461 989 622 1055 Diximus
638 986 833 1051 Suetonium
843 986 950 1053 rideri
965 992 1132 1052 auctorem
1147 986 1228 1050 vitae
1241 983 1265 1049 J
1266 1003 1347 1051 uve·

238 1094 335 1173 nalis,
350 1112 451 1178 quam
474 1093 531 1156 alii
555 1091 670 1156 Probo
689 1092 870 1157 moribunt.
915 1091 1019 1156 Stilus
1038 1089 1076 1153 id
1093 1090 1193 1173 plane
1210 1087 1345 1165 evincit,

238 1213 300 1260 nee
314 1200 476 1280 repugnat
490 1198 588 1259 aetas.
623 1190 918 1259 adolescentulum
932 1212 970 1259 se
991 1192 1095 1258 fuisse
1111 1197 1250 1256 testatur
1264 1189 1347 1254 Sue·

238 1298 350 1364 tonius
365 1297 429 1363 sub
445 1295 628 1361 Domitiani
647 1297 779 1380 imperii
792 1295 900 1375 finem,
917 1315 995 1362 cum
1014 1295 1196 1359 exhaustus
1209 1312 1346 1375 operum

239 1421 280 1466 ac
291 1415 462 1465 munerum
476 1391 638 1481 impensis
647 1399 702 1462 ille
714 1399 870 1483 princeps
882 1399 1025 1465 omnium
1039 1398 1128 1462 bona
1139 1395 1346 1473 confiscaret,

239 1508 274 1568 et
286 1507 408 1586 praeter
422 1506 549 1567 ceteros
563 1500 587 1566 J
587 1502 742 1566 udaicum
756 1501 876 1567 fiscum
889 1501 1101 1567 acerbissime
1112 1500 1267 1582 exigeret,
1280 1518 1348 1582 quo

240 1610 388 1689 tempore
409 1603 432 1669 J
434 1605 582 1669 uvenelis
603 1604 747 1669 mediam
762 1609 893 1669 aetatem
903 1605 975 1690 jam
990 1607 1189 1668 excesserat.
1232 1598 1348 1666 Vitam

239 1704 333 1772 illam
346 1707 401 1772 hic
416 1709 534 1792 paucis
544 1709 821 1786 examinabimus,
830 1713 866 1772 ut
879 1713 1040 1792 quantum
1054 1706 1253 1789 discrepent,
1269 1722 1347 1790 quae

241 1806 290 1873 ibi
304 1808 345 1872 de
359 1806 382 1872 J
383 1809 524 1873 uvenale
545 1808 716 1875 traduntur
730 1810 774 1874 ab
790 1810 856 1889 his,
872 1830 948 1894 quae
964 1810 1024 1874 alii
1040 1803 1187 1886 tradrmt,
1197 1811 1349 1871 constare

240 1911 358 1996 possit.
403 1910 497 1977 Dicit
510 1909 707 1976 iuvenalem
727 1908 772 1973 ad
784 1909 997 1998 mediomsere
1011 1918 1132 1975 etatem
1151 1905 1348 1984 declamasse,

241 2011 341 2077 animi
355 2021 476 2077 tautum
498 2034 602 2077 eausa.
648 2010 732 2078 Cum
748 2013 944 2100 octogenario
961 2015 1066 2100 major
1086 2012 1216 2089 obierit,
1237 2009 1352 2074 media

242 2120 326 2181 aetas
336 2115 410 2201 ejus
421 2116 640 2200 quadraginta
655 2116 788 2181 circiter
797 2118 890 2181 annis
905 2115 1092 2181 delinienda
1105 2120 1167 2180 est
1203 2113 1349 2178 Tantun-

242 2217 318 2282 dem
340 2218 411 2296 erit,
427 2219 557 2283 etiamsi
578 2219 709 2300 triginta
728 2219 783 2284 rel
804 2209 912 2284 minus
932 2220 1033 2285 etiam
1050 2237 1167 2303 ponas.
1213 2212 1349 2293 Deinde,

242 2317 371 2402 inquit,
385 2337 554 2403 paucorum
570 2339 719 2383 »versuum
745 2318 854 2384 Satira
877 2342 938 2384 nou
963 2318 1095 2385 absurde
1121 2317 1287 2403 composita
1315 2318 1351 2380 iu

243 2416 396 2486 Paridem
420 2421 646 2509 pantomimum
669 2423 854 2512 poitomque
881 2427 945 2514 ejus
976 2420 1168 2489 terrestribus
1198 2418 1351 2485 mititiolis

228 2534 418 2603 tumentem,
448 2523 502 2587 loe
530 2546 627 2612 genus
651 2528 810 2613 scriptura
850 2526 1035 2592 industriose
1070 2523 1210 2591 excoluit.
1266 2524 1351 2588 Post

242 2627 386 2692 mediam
408 2629 668 2712 itaquoaetatem
690 2631 955 2697 adscribendam
973 2630 1110 2696 satiram
1126 2630 1269 2695 animum
1289 2646 1350 2712 ap-

242 2731 339 2816 pulit.
385 2730 482 2795 Paris
492 2733 548 2797 ille
562 2734 626 2797 sub
641 2733 834 2800 Domitiano
846 2734 971 2819 floruit
1015 2731 1212 2816 Po‘dtaejus
1223 2731 1351 2796 Statius

242 2838 305 2912 est,
324 2853 423 2917 quem
447 2834 562 2899 Paridi
584 2834 723 2919 Agaven
744 2837 941 2921 tragoediam
962 2856 984 2902 a
1003 2855 1039 2901 se
1061 2834 1292 2921 compositam,
1307 2851 1351 2898 ne

243 2937 395 3014 esuriret,
410 2935 599 3002 vendidisse
612 2958 655 3004 ea
670 2938 781 3005 Satira
797 2958 860 3004 νη.
876 2940 931 3006 86.
945 2960 995 3025 sq.
1011 2939 1142 3004 dicebat
1162 2937 1186 3002 J
1187 2935 1350 3002 utendis.

244 3037 334 3104 Tota
358 3058 436 3120 ergo
462 3039 519 3103 illa
547 3038 659 3117 Satira
684 3038 872 3121 luvenalis,
899 3061 1000 3127 quam
1032 3042 1174 3126 primam
1205 3040 1349 3104 omnium

244 3141 387 3235 scripsit,
403 3142 439 3203 in
453 3139 607 3207 Paridem
619 3144 858 3227 pantomimum
870 3145 999 3209 vibrata
1009 3149 1072 3221 est,
1082 3160 1182 3225 quam
1190 3146 1223 3205 et
1230 3140 1351 3225 paucis

244 3243 395 3308 versibus
419 3244 607 3308 constitisse
630 3244 711 3311 dicit
729 3252 857 3311 auctor.
902 3244 973 3310 Hic
998 3243 1180 3309 notandum
1202 3248 1264 3319 est,
1286 3260 1353 3306 non

244 3345 354 3410 dicere
377 3346 482 3423 illum,
512 3352 646 3431 propter
669 3362 744 3412 eam
769 3348 912 3414 Satiram
935 3347 1130 3413 iuvenalem
1155 3348 1190 3409 in
1213 3344 1351 3409 exilium

241 3452 358 3518 aetum
373 3446 488 3525 fuisse,
509 3449 598 3531 quod
613 3455 725 3514 tamen
744 3451 802 3515 aiii
821 3467 936 3515 omnes
958 3450 1118 3532 scriptum
1139 3445 1351 3529 reliquerunt,

241 3547 329 3626 Dio,
353 3547 488 3627 Suidas,
512 3548 672 3614 Sidonius
702 3547 908 3635 Apollinaris
933 3548 1060 3636 (Caum.
1086 3566 1141 3615 1x.
1167 3544 1260 3630 270.)
1286 3546 1351 3613 hoo

244 3667 353 3730 versu,
369 3651 427 3735 qui
440 3649 638 3717 Juvenalem
652 3650 824 3736 designat:
919 3690 922 3697 ·
1029 3690 1032 3699 ι
1224 3694 1227 3703 1

568 3789 731 3883 Irutisuit
746 3790 907 3859 histrionis
921 3793 995 3865 erut
1002 3821 1013 3862 r.

246 3941 339 4026 atqui
351 3939 389 4005 id
406 3946 476 4006 erat
488 3940 557 4009 hoe
571 3941 649 4008 loeo
671 3964 736 4010 non
757 3947 984 4025 omittendum,
1000 3967 1077 4012 cum
1091 3947 1192 4013 altum
1207 3946 1302 4012 daea
1314 3966 1350 4010 re

178 4084 193 4091 --
244 4045 409 4110 silentium
424 4045 480 4123 sit,
500 4065 542 4109 eo
561 4049 708 4112 maxime
734 4050 823 4127 loco,
838 4069 907 4135 quo
932 4049 1036 4123 taceri
1055 4069 1121 4115 non
1135 4050 1258 4128 debuit,
1272 4049 1352 4115 iude

227 4210 230 4215 ⁴
244 4145 399 4230 colligere
409 4146 499 4227 licet,
513 4166 581 4217 non
594 4154 675 4216 tuno
693 4153 864 4236 temporis,
881 4172 943 4218 nec
958 4156 1093 4238 propter
1102 4151 1137 4218 id
1153 4151 1245 4219 Urbe
1255 4170 1350 4219 ,sum-
