3059 4925
231 349 277 420 12
680 363 891 415 ianuario.

231 522 243 554 ‘
257 522 385 584 tautum
398 518 520 602 legunt,
536 523 573 583 ut
590 519 784 584 emendent?
806 524 843 583 ut
863 520 940 583 illos
955 517 1106 582 meliores
1121 516 1339 596 facientum

233 625 296 685 ‘ut
310 621 408 685 sesel
434 622 554 704 Itaque
570 624 629 685 toti
645 623 676 682 in
689 624 818 685 voculis
834 629 891 684 aut
913 621 1051 705 syllabis
1072 621 1200 704 aliquot
1214 623 1340 685 exami-

233 723 376 788 ‘nandis
393 734 490 806 sunt3
513 730 553 788 et
561 730 702 806 segetem
718 725 809 787 illam
826 727 962 811 uberem
975 744 1083 787 rerum
1095 726 1341 789 sententiarum·

232 832 244 861 ‘
259 846 323 910 que
338 828 448 890 subter
457 829 588 904 hebent,
603 827 709 910 paleis
723 828 824 891 modo
838 826 952 890 lectis?

276 929 362 1008 Quae
399 951 472 993 cum
509 932 556 994 ita
590 932 668 1007 sint,
706 948 813 993 nonne
842 928 1082 993 consideratius
1110 930 1217 1010 egisse
1250 929 1342 994 vide·

231 1051 292 1110 rer,
317 1034 345 1096 si
369 1033 535 1096 variarum
559 1032 737 1096 lectionum
759 1034 905 1115 aliquem
931 1032 1097 1096 delectum
1116 1033 1282 1109 fecissem,
1307 1037 1342 1097 et

231 1134 279 1199 ita
302 1155 468 1199 summum
495 1135 660 1198 levassem
695 1135 845 1210 taedium,
874 1135 963 1217 quod
990 1136 1026 1197 in
1053 1134 1095 1196 iis
1123 1133 1343 1216 excerpendis

231 1237 312 1301 mihi
336 1237 562 1303 devorandum
591 1239 679 1302 fuiti
719 1236 762 1301 ld
791 1257 926 1321 quoque
954 1236 1035 1300 mihi
1064 1238 1107 1300 ab
1137 1238 1231 1301 initio
1264 1257 1343 1319 pro-

231 1342 376 1423 positum
397 1341 501 1405 fuisse
526 1347 558 1404 et
583 1342 800 1406 constitutum
822 1339 911 1404 haud
933 1340 1083 1406 diffiteor.
1128 1340 1197 1404 Sed
1220 1340 1341 1403 multas

208 1443 363 1507 ‘consilii
388 1445 536 1508 mutandi
559 1446 701 1509 rationes
722 1445 836 1521 habui,
863 1464 951 1527 quae,
977 1445 1091 1508 sinon
1115 1442 1282 1506 sufficiunt
1298 1440 1343 1506 ad

234 1562 371 1609 causam
392 1561 501 1609 meam·
524 1547 777 1626 defendendam,
801 1549 907 1611 veniae
930 1552 1041 1611 tamen
1064 1565 1168 1628 spem,
1195 1545 1344 1628 aliquam

235 1653 335 1725 certe,
361 1650 442 1713 mihi
465 1650 649 1715 ostendunt.
696 1651 786 1716 Nam
812 1653 967 1734 primum,
992 1649 1155 1732 ejusmodi
1181 1647 1345 1711 delectum

235 1769 313 1815 cum
331 1752 461 1835 judicio
477 1755 592 1818 subtili
607 1755 760 1818 adhibere
774 1756 908 1819 omnino
921 1753 1169 1831 difficillimum
1185 1757 1218 1814 et
1240 1750 1344 1815 multo

233 1853 367 1918 facilius
382 1860 442 1932 est,
459 1861 497 1919 ut
511 1855 546 1918 in
560 1856 729 1940 plerisque
744 1858 853 1934 rebuS,
877 1857 927 1921 ita
940 1862 973 1920 et
987 1855 1022 1917 in
1041 1855 1119 1931 hac,
1145 1855 1240 1918 utiles
1255 1874 1346 1935 egre·

234 1956 375 2039 giasqne
397 1958 487 2039 leges
509 1958 603 2037 ferre,
629 1980 729 2044 quarn
753 1979 887 2024 servare
910 1966 945 2023 et
969 1959 1013 2022 ad
1036 1978 1133 2023 usum
1158 1957 1342 2022 transferre.

235 2057 377 2137 Deinde,
402 2062 491 2145 quod
512 2064 583 2147 jam
597 2082 702 2146 supra
725 2063 897 2145 protessus
913 2081 996 2139 sum,
1022 2062 1056 2124 id
1079 2080 1192 2125 curare
1208 2066 1241 2124 et
1254 2059 1346 2124 volui

234 2165 268 2225 et
289 2162 401 2242 debui,
425 2170 473 2242 ut,
495 2166 553 2248 qui
573 2165 659 2229 hanc
676 2166 740 2230 sibi
755 2172 887 2248 pararet
901 2165 1091 2242 editionem,
1123 2164 1258 2246 reliquis
1274 2182 1346 2226 om·

234 2265 333 2329 nibus
348 2286 461 2330 carere
474 2274 600 2350 posset.
634 2268 721 2356 Tpm
735 2287 906 2345 noveram,
920 2287 986 2331 non
1001 2267 1130 2343 deesse,
1145 2266 1203 2348 qui
1215 2284 1345 2328 omnem

234 2366 388 2432 lectionis
401 2370 593 2433 varietatem
608 2370 851 2434 desiderarent:
868 2389 968 2453 quam
982 2369 1135 2452 plurimis
1148 2374 1257 2431 autem
1274 2369 1346 2432 sive

234 2471 396 2553 prodesse
412 2473 600 2557 cupiebam,
629 2475 700 2537 sive
717 2479 845 2554 gratum
860 2473 980 2548 facere,
1005 2477 1038 2535 et
1051 2490 1117 2535 non
1131 2469 1347 2535 adolescenti·

235 2572 300 2635 bus
315 2580 453 2652 tantum,
478 2574 537 2637 sed
552 2595 664 2639 eorum
687 2576 789 2639 etiam
812 2575 990 2657 magistris
1015 2578 1073 2636 aut
1087 2574 1219 2637 omnino
1239 2572 1347 2637 erudi-

236 2674 376 2739 tioribus
390 2677 585 2761 longiusque
612 2678 648 2741 in
673 2677 727 2741 his
751 2677 855 2744 literis
880 2677 1058 2761 provectis
1082 2695 1219 2759 operam
1238 2693 1348 2740 meam

236 2777 508 2862 diligentiamque
531 2780 692 2863 probare3
716 2799 784 2864 qua
808 2780 903 2845 effeci
926 2781 1045 2845 saltem
1069 2779 1148 2856 hoc,
1168 2783 1207 2841 ut
1231 2779 1348 2861 quales

238 2878 306 2943 sint
319 2881 407 2960 libri,
428 2902 567 2968 qnorum
580 2884 661 2948 mihi
675 2882 822 2949 facultas
836 2884 945 2961 fuerit,
968 2883 1069 2967 plane
1082 2882 1243 2966 perspici,
1258 2885 1302 2960 et,
1319 2880 1349 2944 si

238 2985 313 3067 quis
327 2990 406 3067 post
418 3006 470 3049 me
483 2986 684 3052 iuvenalem
697 2987 804 3053 denuo
821 3006 989 3052 recensere
1003 2986 1094 3062 velit,
1106 2984 1220 3048 labore
1235 3003 1349 3048 eorum

237 3085 508 3151 conferendorum
524 3088 738 3173 supersedere
756 3092 876 3174 possit.
903 3136 906 3139 -
923 3087 1016 3167 Quin
1026 3088 1188 3171 juvenum
1202 3107 1347 3170 quoque,

238 3188 297 3269 qui
315 3188 389 3272 jam
410 3190 614 3273 aliquantum
638 3192 856 3276 profecissent
876 3191 912 3256 in
935 3192 1052 3269 literis
1080 3195 1114 3256 et
1136 3190 1181 3255 ad
1201 3191 1349 3254 animum
1387 3216 1400 3241 v

238 3289 349 3370 potius
372 3292 574 3374 poliendmn,
599 3314 698 3377 quum
714 3295 758 3359 ad
774 3296 901 3360 victum
921 3295 1148 3377 quaerendum,
1174 3292 1287 3357 studia
1298 3313 1349 3356 re-

238 3391 370 3467 ferrent,
394 3396 504 3477 magni
527 3397 685 3461 interesse
707 3398 907 3475 arbitrabar,
934 3397 1081 3479 aliquam
1105 3394 1146 3458 de
1172 3394 1351 3478 cujuslibet

238 3497 344 3564 variae
358 3497 513 3562 lectionis
527 3501 667 3578 ratione,
685 3501 822 3581 origine,
842 3518 919 3576 usu,
942 3503 976 3562 et
986 3496 1156 3581 dignitate,
1173 3495 1350 3579 judicandi

237 3597 431 3663 facultatem
446 3603 618 3684 consequi,
639 3607 672 3666 et
682 3602 856 3666 medicinae
872 3601 1038 3683 corruptis
1051 3601 1136 3664 locis
1151 3596 1348 3663 adhibendae

240 3703 469 3783 sagacitatem,
484 3704 673 3788 criseosque
687 3703 849 3783 faciendae
864 3709 997 3786 gustum
1011 3702 1077 3769 sibi
1090 3720 1218 3785 parare.
1255 3699 1351 3765 Prae·

239 3806 331 3868 terea
343 3803 489 3868 nondum
503 3807 680 3890 quisquam
698 3807 861 3871 editorum
875 3807 962 3870 hunc
977 3805 1042 3869 sibi
1055 3804 1204 3868 laborem
1217 3803 1348 3880 sumsit,

240 3912 278 3972 ut
286 3910 408 3975 multos
421 3912 555 3976 codices
564 3914 619 3975 vol
628 3913 772 3996 scriptos
782 3913 837 3976 vel
847 3912 954 3975 editos
963 3909 986 3974 J
987 3907 1149 3985 uvenaliS,
1159 3925 1285 3990 eosque
1293 3924 1351 3971 ae·

218 4013 223 4023 '
239 4016 354 4075 curate
368 4014 450 4079 inter
464 4034 500 4078 se
514 4015 686 4093 conferret,
709 4021 743 4078 et
757 4017 800 4079 de
814 4014 924 4079 indole
939 4034 979 4078 ac
993 4012 1100 4097 pretio
1115 4029 1231 4075 eorum
1244 4008 1350 4093 dispi-

236 4118 340 4178 ceret.
384 4114 457 4199 Ego
471 4119 597 4200 primus
612 4123 742 4183 tantum
755 4118 837 4182 mihi
851 4119 959 4182 oneris
976 4115 1103 4199 imponi
1116 4132 1249 4197 passus,
1265 4116 1300 4176 θῐ
1313 4111 1350 4175 ῑῐὶ

241 4234 284 4281 ea
296 4236 475 4304 quoquere
496 4221 630 4308 adjutus
646 4241 722 4289 sum
735 4241 801 4308 ope
815 4222 962 4289 vitorum
974 4219 1157 4296 doctorum,
1184 4214 1243 4301 qui
1256 4210 1347 4281 haud
