3059 4925
591 423 594 428 Ι
629 361 697 417 ¹Al)
718 366 804 426 ΒΑΤ.
827 368 881 422 Π.
981 413 986 421 .

552 615 980 702 EXCURSUS

620 799 674 852 ΑΙ)
690 801 764 854 SA'I'.
781 803 830 855 VI.
846 806 905 855 2⁷6.

253 952 367 1021 Iocus
380 959 542 1027 obscurus
556 968 590 1028 et
604 982 625 1028 a
639 965 781 1034 librariis
802 967 885 1033 sorte
900 975 1092 1054 corruptus:
1115 965 1244 1035 curruca
1259 972 1313 1038 16
1357 967 1359 971 ’

209 1051 264 1121 48.
299 1079 409 1123 cornea
432 1063 489 1129 23.
527 1084 638 1130 caruca
664 1069 719 1134 13.
764 1068 905 1135 Rectirn
926 1070 1039 1136 forsan
1063 1091 1176 1144 caruca
1200 1072 1314 1152 17-22,

209 1155 265 1226 24.
280 1161 333 1225 59.
348 1162 403 1228 66.
424 1166 477 1231 vel
500 1188 630 1233 curruca
654 1172 687 1236 2.
700 1171 732 1238 3.
745 1172 778 1238 5.
792 1174 903 1238 10-12.
919 1174 973 1239 14.
988 1174 1040 1238 15.
1055 1174 1109 1239 25.
1130 1175 1243 1239 4547.
1257 1175 1316 1244 56.

209 1262 262 1328 54.
276 1264 388 1331 5658.
402 1267 457 1334 64.
472 1270 526 1336 68.
542 1274 595 1338 70.
610 1274 663 1338 74.
678 1275 732 1340 77.
746 1275 800 1341 81.
816 1274 870 1340 82.
915 1274 1042 1339 Neutra
1055 1295 1133 1350 uero
1148 1295 1218 1341 vox
1232 1276 1315 1352 alibi

207 1368 377 1450 reperitur,
398 1376 432 1450 ot
444 1372 596 1439 barbarae
612 1375 810 1442 videbantur
834 1374 970 1450 Aleiato
991 1376 1128 1460 Parerg.
1151 1376 1225 1441 Jur.
1245 1394 1312 1441 vir.
1401 1453 1409 1462 ἱ

207 1469 241 1531 d.
262 1472 321 1553 qui
335 1474 387 1538 vel
401 1472 584 1556 urticauel
598 1498 676 1544 cum
691 1479 766 1543 aliis
784 1499 876 1542 eruca
895 1478 1121 1562 reponendum
1137 1479 1313 1553 censebutt

208 1590 299 1635 eruca
314 1573 427 1641 6163.
442 1577 555 1645 6567.
570 1580 625 1646 69.
641 1581 752 1646 71-73.
798 1579 852 1644 Ita
865 1580 987 1645 dicitur
1000 1582 1162 1645 insectum
1181 1580 1312 1664 paruis-

205 1673 338 1754 simum
352 1680 521 1746 brassicas
537 1681 735 1767 depascens,
752 1682 811 1748 Gr.
828 1680 939 1766 κάμπη,
960 1683 1071 1756 Germ.
1088 1680 1203 1767 Raupe
1212 1705 1223 1758 ,·
1243 1701 1313 1752 non

206 1795 304 1841 eruca
318 1782 373 1846 vel
387 1779 519 1863 heruca,
540 1806 617 1871 quae
631 1792 746 1852 tamen
759 1787 934 1870 scripturae
951 1787 988 1864 iu
1000 1786 1202 1871 quibusdem
1215 1785 1312 1856 libris

205 1877 393 1961 Juvenulis,
411 1890 450 1950 ut
469 1892 502 1951 et
522 1887 714 1955 Columellce
734 1890 940 1972 aliorumque
958 1892 1180 1973 reperiuntur:
1193 1957 1196 1960 r
1210 1909 1312 1956 uruca

205 1982 237 2049 1.
252 1983 306 2047 75.
320 1986 375 2051 76.
401 1984 520 2053 iurucu
534 1992 588 2057 49.
603 1992 657 2056 55.
701 1990 831 2057 Vellem
845 1995 959 2058 tamen
969 1987 1124 2060 Alciatus
1137 1991 1312 2060 verborum

205 2085 304 2154 simul
324 2089 473 2170 illerum„
493 2112 570 2176 quae
593 2093 774 2170 substituit,
790 2092 983 2160 sententiam
1004 2092 1194 2177 adjecisset,
1208 2110 1311 2175 quem

204 2189 295 2256 haud
309 2191 409 2257 facile
422 2193 596 2279 expedias.
640 2193 763 2278 Inepte
775 2199 865 2262 certe
880 2197 932 2262 est
945 2194 1175 2277 interpretatio.
1184 2190 1314 2278 Valles,

79 2370 83 2376 ⁴
203 2293 264 2377 qui
278 2296 446 2361 ‘marium
474 2297 646 2381 stupidum
674 2301 922 2383 torpentemque
946 2296 980 2360 h.
996 2297 1022 2363 l.
1046 2315 1168 2366 erucam
1194 2296 1311 2364 vocari

201 2399 308 2480 putat,
332 2396 424 2481 quod
448 2399 491 2464 ab
517 2418 622 2466 uxore
647 2399 829 2486 increpitus
849 2398 933 2467 miro
956 2399 1088 2465 silentio
1113 2399 1314 2478 coacescat..

204 2497 340 2579 perinde
361 2519 401 2565 ac
420 2501 450 2565 si
472 2503 517 2566 ab
541 2500 658 2571 eadem
681 2503 725 2567 sit
745 2508 899 2567 enectus:
929 2502 1020 2585 quod
1043 2502 1169 2584 colligit
1191 2521 1210 2565 e
1232 2502 1309 2568 loco

201 2596 335 2669 Colum.
357 2603 468 2668 x1.3.
490 2612 572 2669 extr.
592 2604 636 2668 de
659 2605 788 2669 erucis:
810 2605 1044 2669 ‘Democritus
1070 2604 1220 2681 affirmat,
1245 2603 1308 2677 hes

202 2702 295 2786 ipsus
309 2704 467 2769 bestloias
481 2705 623 2783 enecari,
642 2705 816 2789 eineder,
834 2725 912 2788 quse
927 2705 963 2768 in
981 2707 1154 2777 menstruis
1169 2711 1231 2784 est,
1252 2724 1308 2771 so·

200 2803 281 2898 lutis
302 2806 449 2871 crinibus
468 2810 502 2871 et
523 2805 614 2875 nudo
638 2805 723 2890 pede
746 2825 1014 2894 unamquamque
1035 2825 1148 2879 aream
1171 2811 1222 2872 ter
1245 2806 1308 2871 cir,

200 2900 351 2989 cumeat3
374 2912 452 2992 post
474 2908 539 2974 hoc
558 2908 646 2977 enim
667 2906 819 2973 decidere
842 2926 957 2972 omnes
976 2907 1186 2984 vermiculos,
1206 2911 1241 2971 et
1261 2907 1309 2979 ita

199 3008 329 3075 emori!
369 3010 544 3094 Suspicori
564 3010 678 3094 potius
702 3009 827 3094 possis,
847 3008 1015 3095 hominem
1026 3008 1120 3077 nihili
1135 3006 1307 3079 stolidum·

200 3128 265 3194 que
283 3131 407 3173 crucam
428 3110 554 3189 vecari,
577 3109 856 3195 quemadmodum
877 3111 1018 3175 Plautus
1037 3109 1138 3189 Truc.
1156 3125 1191 3175 V.
1206 3110 1238 3175 5.
1252 3111 1306 3191 56,

199 3230 325 3296 temper
339 3232 401 3295 pro
416 3211 508 3298 nugis
519 3211 804 3281 dixerit-Vetus
818 3212 969 3281 scholion
988 3213 1021 3289 h.
1036 3213 1060 3285 l.
1081 3218 1149 3280 est:
1173 3208 1306 3295 “Uruco
1367 3296 1369 3303 Ι

198 3315 368 3398 mimclogi
388 3315 514 3400 stupidi
536 3334 655 3381 nomen
674 3313 782 3393 fiuxit,
805 3316 886 3399 quia
908 3315 1009 3383 sermo
1034 3316 1131 3399 quasi
1152 3313 1306 3401 frequen.

196 3421 248 3483 ter
271 3417 405 3497 fallitur,
434 3438 512 3485 curn
535 3420 604 3501 agit
626 3437 803 3501 personum
823 3418 950 3487 mariti:
978 3416 1053 3503 (aut
1076 3438 1121 3483 ex
1143 3418 1305 3495 emendat.

199 3514 375 3598 Schurufl„
397 3521 455 3603 qui
480 3540 502 3584 a
526 3520 666 3587 foemina
689 3539 752 3593 sua
781 3520 832 3584 sic
858 3519 1044 3601 frequenter
1068 3518 1207 3597 fallitur„
1228 3537 1306 3589 cum

200 3618 339 3684 asciscit
352 3638 528 3702 personam
542 3618 670 3709 mariti)
690 3622 756 3699 vel,
774 3626 811 3687 ut
825 3620 883 3686 alii
898 3619 1024 3701 dicunt,
1045 3638 1148 3702 genus
1162 3625 1215 3691 est
1228 3618 1305 3706 ¹ani-

198 3720 296 3785 malis
310 3720 404 3800 foedi,
426 3722 564 3805 spinosi,
588 3727 625 3789 nt
645 3722 782 3789 ericius.
828 3718 934 3787 Urusa
960 3726 1072 3785 autem
1093 3725 1146 3785 est
1169 3719 1304 3805 proprie

197 3819 291 3899 illud,
307 3822 396 3906 quod
410 3823 444 3886 in
462 3821 542 3887 faba
561 3824 722 3901 nascitur,
744 3829 783 3889 ut
804 3821 978 3907 gurgulio?
1023 3821 1120 3889 conf.
1142 3820 1304 3888 Stewech.

198 3922 242 3988 od
257 3920 392 4007 Apuleii
407 3922 551 4009 Apolog.
566 3947 601 4013 p.
615 3927 693 3998 495.
716 3925 862 3996 Salmas.
877 3925 1003 3996 Eueno.
1014 3924 1102 3991 Plin.
1122 3924 1247 4011 p.893.
1271 3928 1309 3996 et.

198 4024 243 4093 ad
258 4025 394 4097 Tertull.
416 4050 451 4120 p.
467 4029 542 4099 187.
