3059 4925
576 433 578 440 A
643 362 783 415 sumna
809 365 859 415 vr.
1227 345 1301 418 ,343

107 495 111 518 '
134 501 139 514 '
239 506 331 588 Quid
344 509 477 593 privata
490 508 621 589 domus,
636 512 849 596 quidteeerit
862 510 997 598 Hippia
1011 531 1110 579 curae
1121 513 1146 578 l'

195 610 343 698 Respice
357 614 481 677 rivales
495 605 678 681 Diuorum:
695 613 863 708 Claudius
877 597 955 680 endi
1059 643 1061 646 ·
1231 616 1298 680 115

196 712 284 793 Quae
300 716 421 780 tulerit.
467 716 620 781 Dormire
635 717 743 781 virum
758 737 835 781 eum
848 722 997 784 senserat
1010 737 1115 800 uxor3

193 815 289 881 Ausa
303 818 458 883 Palatino
473 823 613 901 tegetem
625 817 782 901 praeferre
796 818 911 897 cubili,
958 875 960 880 .
1002 873 1006 878 .

194 918 330 984 Sumere
343 928 522 988 noetumos
535 922 690 987 meretrix
713 920 862 1006 Augusta
875 923 1036 1000 cucullos,

194 1022 383 1106 Linquebet
397 1024 518 1089 comite
534 1022 656 1089 aneilla
669 1042 734 1088 non
749 1025 894 1109 amplius
908 1045 988 1104 una,

193 1124 260 1189 Sed
274 1127 404 1208 nigrum
417 1127 505 1192 flavo
520 1127 643 1192 crinem
657 1128 880 1193 abscondente
895 1129 1019 1211 galero.
1229 1127 1294 1193 leo

192 1326 286 1390 Hippia
297 1325 393 1390 egerit?
419 1330 496 1377 Cerae
507 1329 613 1378 Deorum
624 1329 853 1378 emnlmrmeculta
862 1343 914 1392 que
923 1327 1036 1378 uomit
1048 1326 1169 1377 Claudius.
1196 1327 1297 1383 Qando

192 1393 277 1453 conjux
301 1393 439 1442 advertetit
459 1393 572 1443 nuruum
590 1408 640 1442 eree
662 1394 773 1456 emtam,
791 1409 838 1443 noe
855 1393 965 1443 delitam
981 1393 1060 1454 reguli
1077 1394 1180 1442 tlalamo
1197 1397 1297 1442 mattam

188 1469 332 1519 preponere,
348 1464 376 1506 et
390 1459 487 1506 induere
502 1458 578 1506 noetio
592 1459 718 1520 cucullum,
735 1459 850 1507 meretrix
871 1460 980 1507 Cesarea
994 1457 1067 1506 illum
1084 1457 1213 1519 «leenae,
1227 1458 1297 1506 unica

191 1523 309 1571 duntaxat
319 1521 414 1583 famula
422 1523 559 1590 eomitante,
575 1526 643 1587 atque
656 1520 723 1587 flavo
737 1523 868 1586 galericulo
884 1526 977 1587 tegente
987 1523 1084 1587 capillo·
1098 1527 1173 1586 atron,
1189 1525 1296 1584 ingressa

192 1767 233 1812 er.
245 1768 327 1814 aero.
339 1769 382 1813 ee.
393 1769 433 1814 rr.
446 1768 529 1816 reru.
540 1769 580 1815 ro.
592 1770 634 1817 rr.
646 1770 686 1817 aa.
719 1767 790 1830 lepre
807 1771 847 1816 rr.
861 1771 902 1817 ro.
914 1771 1006 1819 enm.
1017 1771 1058 1818 ne.
1096 1765 1175 1831 repta
1192 1769 1233 1815 ro.
1253 1768 1296 1814 m.

190 1829 290 1892 Hypnia
302 1834 342 1878 25.
353 1833 394 1879 68.
429 1831 507 1893 Eppia
523 1835 546 1880 l.
562 1836 604 1881 75.
617 1835 656 1882 82.
672 1830 713 1883 Ct'.
725 1833 758 1881 ad
770 1847 806 1881 vr.
819 1836 1016 1882 lot-limo
1032 1847 1058 1882 v.
1069 1832 1179 1881 Excute.
1195 1830 1296 1878 senene

192 1898 232 1942 12.
252 1899 292 1945 15.
314 1897 436 1944 16.-117
454 1896 581 1944 Palentr'ro
599 1900 640 1946 47.
658 1900 699 1945 48.
731 1896 838 1957 cursem
855 1901 980 1947 26.-120
1005 1897 1041 1946 El
1062 1911 1109 1959 pro
1127 1895 1185 1944 Sed
1197 1898 1235 1945 lo.
1255 1898 1294 1943 17.

191 1956 813 2013 rem.remeare-eoem.errulum.
845 1962 1069 2027 nigrastammu.
1101 1964 1125 2010 ee
1134 1961 1202 2026 flavo
1218 1962 1294 2008 ee.-

688 2126 796 2177 NOTAE

188 2266 233 2299 neu
245 2252 346 2314 gladius
357 2253 467 2318 ligneus,
483 2260 512 2303 ut
522 2254 594 2304 aiunt
611 2254 722 2320 quidam,
762 2263 805 2306 tua
816 2256 857 2306 cui
869 2256 1009 2307 Messalina
1018 2230 1085 2306 uxor
1097 2261 1137 2306 lot
1148 2253 1240 2303 rivales
1250 2251 1294 2302 de·

188 2339 233 2376 seu
246 2327 319 2390 virga
330 2329 446 2393 impolite
458 2337 485 2380 et
497 2332 584 2381 rudis:
602 2332 670 2383 unde
681 2349 721 2384 ru·
761 2332 811 2393 dil,
828 2339 868 2384 tot
884 2333 1014 2384 adulteros
1026 2332 1131 2382 admisit
1142 2336 1293 2381 monstrose

186 2483 254 2545 plius
270 2481 341 2532 ferro
357 2483 502 2546 decertare,
518 2486 564 2536 sed
582 2486 679 2539 baculis
692 2497 720 2541 et
759 2488 854 2540 Annei.
867 2504 897 2540 n.
917 2490 983 2540 Pliu.
995 2502 1023 2538 x.
1033 2493 1075 2539 6³.

187 2558 293 2609 rudibus
320 2567 421 2612 tautum
445 2562 562 2614 batuere.
603 2565 718 2617 Turneb.
793 2572 840 2617 117
860 2567 983 2630 Tegetem]
1006 2567 1117 2617 Mettum
1129 2570 1240 2616 centone
1249 2562 1294 2612 rti-

187 2649 253 2684 xxv.
267 2642 307 2687 ll.
319 2645 346 2688 et
359 2652 437 2689 xxvi.
448 2644 489 2690 26.
532 2642 641 2693 Sueten.
658 2644 718 2696 Tib.
759 2649 857 2706 patum,
872 2658 931 2708 quae
949 2643 975 2692 iu
992 2643 1074 2692 instro
1091 2642 1225 2705 prolecto
1242 2644 1300 2701 eal„

186 2727 210 2761 e.
222 2717 247 2762 7.
263 2714 388 2764 rudiarioa
404 2722 538 2766 revocator
556 2717 601 2767 ait.
634 2720 718 2784 Calig.
757 2721 810 2781 Vel,
817 2718 942 2769 fornicem
950 2727 978 2769 el
986 2718 1094 2769 lustrum
1102 2721 1205 2779 tegetem
1215 2720 1293 2764 vocat

186 2803 210 2838 c.
230 2794 270 2839 22.
293 2792 470 2843 mirmillouem
493 2808 507 2842 e
530 2793 592 2843 ludo
611 2794 717 2844 rudibus
758 2797 831 2860 quasi
842 2798 973 2862 tugurium
984 2796 1036 2845 vile
1047 2809 1101 2859 pre
1114 2794 1190 2843 domo
1207 2791 1291 2856 Impe-

185 2880 274 2916 recum
291 2868 443 2919 balueuteur
461 2868 548 2919 ferrea
564 2871 617 2920 elea
635 2872 668 2920 alr
686 2885 718 2921 eo
757 2875 854 2923 ratoria
865 2882 894 2923 et
904 2873 1008 2923 Palatio
1018 2868 1128 2922 Claudii.

184 2944 339 2995 confossum.
360 2946 450 2997 Claud.
469 2962 493 2996 e.
507 2951 547 2997 21.
580 2948 718 2998 Emederio
791 2953 839 2998 118
857 2949 976 2999 Meretrix
998 2946 1121 3011 Argaela]
1152 2943 1293 2995 Messalina

184 3021 312 3072 indultam
332 3024 433 3073 rudem.
477 3024 571 3074 Horat.
591 3023 677 3087 Epist.
697 3039 718 3076 1.
758 3024 861 3074 Claudii
880 3025 989 3076 Cereris
1008 3039 1082 3087 uxor,
1100 3020 1235 3073 adulteriis
1252 3019 1291 3070 r‘a·

183 3100 337 3150 ‘Donatum
350 3102 404 3166 jum
420 3100 485 3151 rude
499 3101 602 3165 querit,
621 3101 717 3152 Maece·
756 3115 838 3150 mosa.

184 3191 241 3238 nas,
265 3179 359 3228 ilerum
384 3193 425 3229 rue
451 3178 558 3244 antiquo
583 3178 717 3228 includere
792 3177 915 3241 Cucullae]
949 3178 1035 3242 Caput
1050 3175 1150 3226 seilicet
1166 3189 1199 3225 eo
1217 3180 1292 3238 tegu-

183 3252 263 3304 ludo)
757 3261 846 3304 mento
862 3255 1020 3319 involvebat,
1040 3268 1074 3303 ne
1096 3258 1289 3318 agnosceretur.

218 3332 330 3395 Caepiraet
352 3333 445 3382 Veiento
466 3331 551 3395 rideri]
577 3331 642 3382 Tam
660 3331 718 3382 vilis
757 3333 825 3382 Vide
834 3335 890 3383 Sat.
900 3347 961 3384 vnr.
973 3348 1011 3383 vr.
1021 3337 1090 3383 14⁶.

183 3405 207 3455 ei
218 3405 289 3457 foret
299 3423 376 3473 quem
387 3423 447 3458 saur
460 3407 499 3457 uir
512 3406 644 3459 Fabricius
658 3409 718 3459 Vei·
791 3415 839 3460 120
856 3410 962 3472 Nigrum
965 3410 1032 3474 slavo
1040 3410 1129 3459 crinem
1137 3407 1291 3458 aleondente

126 3520 129 3523 .
182 3489 253 3533 euto.
657 3501 658 3504 ¹
754 3487 848 3550 galero]
874 3487 952 3537 Flava
976 3501 1051 3537 coma
1069 3486 1210 3547 adaeititia,
1231 3498 1290 3548 quae

107 3560 110 3566 ’
193 3586 195 3591 -
216 3563 263 3608 ill
283 3559 347 3615 Quid
355 3559 453 3623 private
462 3562 550 3624 domm
561 3561 615 3625 lfa]
626 3563 717 3612 Trans·
756 3578 805 3626 pro
821 3563 908 3626 galero
925 3573 983 3613 est:
1002 3564 1074 3613 crine
1099 3554 1233 3625 rdpposito
1250 3575 1291 3610 ro·

184 3634 240 3684 itio.
281 3637 332 3686 Sed
352 3652 385 3686 ne
403 3644 456 3685 tam
475 3638 581 3702 indigne
600 3637 641 3688 fer
659 3640 716 3690 libi·
756 3639 991 3690 tundoinformam
1007 3640 1098 3704 galea,
1113 3638 1291 3703 quomeretri·

181 3714 256 3763 dines
270 3715 448 3778 privatorum:
465 3724 563 3767 namet
578 3719 715 3768 aimileein
755 3731 799 3766 ceo
823 3716 962 3766 utebantur
980 3714 1063 3766 flauo:
1088 3722 1116 3765 at
1134 3716 1209 3780 nigro
1226 3715 1289 3763 dun·

182 3790 348 3855 Principibus
357 3792 471 3855 reperire
481 3802 537 3855 ειη
554 3794 623 3859 quod
633 3794 715 3844 mullo
756 3800 830 3842 taxat
851 3800 986 3844 malrouae.
1020 3794 1102 3844 vem
1119 3793 1204 3842 Schol.
1237 3789 1289 3840 Sed

181 3869 262 3931 magis
272 3870 374 3917 mirare.
755 3876 784 3918 et
801 3869 860 3918 uiris
875 3871 902 3919 in
919 3885 967 3919 usu
984 3868 1063 3919 fuisse
1079 3868 1208 3918 faetirium
1225 3867 1291 3930 ejus·

191 3956 195 3969 ·
215 3949 261 3995 115
274 3946 372 3994 Riealer
384 3946 514 4009 Diuorum]
526 3946 714 4009 Imperatorum
755 3946 987 4009 modicapillitium
997 3953 1108 3996 conetur.
1127 3946 1232 3993 Sueten.
1257 3941 1289 3990 ld

183 4021 357 4070 Romanorum
368 4021 413 4085 qui
426 4022 489 4070 Divi
500 4023 676 4085 appellantur,
686 4030 715 4073 et
755 4022 832 4073 modo
847 4024 1024 4087 galericuluur‚
1039 4022 1115 4071 ruodo
1125 4018 1291 4082 capillamen-

181 4105 241 4160 post
263 4104 373 4147 mortem
394 4099 420 4147 iu
444 4100 561 4148 Deorum
581 4113 715 4150 numerum
756 4108 810 4150 turn
827 4106 968 4165 nuncupat.
1001 4099 1083 4161 Calig.
1096 4094 1289 4157 e.ll.eapilla·

182 4173 341 4225 referuntur.
612 4178 614 4185 ⁴
755 4183 843 4226 mento
855 4177 1061 4240 relaturgaueae
1074 4172 1145 4222 obire
1161 4171 1205 4220 ille
1224 4169 1289 4220 dici·

216 4252 342 4315 Claudiae]
361 4253 533 4303 Romanorum
546 4254 716 4318 Caesarque·
757 4260 808 4304 tur.
843 4253 913 4303 Otho
924 4267 986 4302 vero
1003 4266 1025 4301 c.
1039 4254 1077 4301 12.
1095 4247 1233 4313 galericulo
1246 4262 1296 4317 ca-¹

280 4508 296 4535 Ο
