3059 4925
429 1066 1039 1189 PRAEFATIO.

186 1631 288 1723 Cum
302 1652 336 1715 in
350 1650 476 1717 Siliano
490 1652 634 1718 carmine
656 1672 735 1718 cura
750 1670 826 1717 mea
840 1649 1073 1737 qualicumque
1087 1648 1289 1714 emendando

183 1751 444 1837 illustrandoque
464 1775 621 1833 versarer,
641 1754 716 1840 jam
745 1761 818 1821 tum
842 1753 934 1839 apud
960 1739 1107 1818 animum
1129 1751 1290 1816 constitu·

185 1875 285 1934 eram,
308 1856 338 1920 si
361 1857 559 1922 necessariis
589 1877 724 1939 augerer
748 1858 871 1941 opibus
894 1861 927 1920 et
949 1855 1129 1942 praesidiis,
1150 1852 1290 1918 eandem

184 1957 362 2041 aliquando
376 1979 511 2043 operam
526 1959 683 2024 Juvenali
697 1959 902 2043 impendere3
932 1979 1037 2043 neque
1064 1957 1210 2033 deerant,
1234 1951 1291 2038 qui

184 2064 287 2123 meet
307 2062 482 2144 promissis
505 2070 538 2128 et
563 2064 789 2128 cohortatione
814 2061 858 2127 ad
883 2062 930 2140 id,
953 2061 1043 2146 quod
1067 2057 1290 2134 intendissem,

184 2161 419 2244 perficiendum
433 2164 628 2230 incitarent:
652 2165 711 2232 sed
733 2185 794 2249 per
816 2169 923 2230 totum
941 2163 1021 2228 illud
1036 2169 1167 2245 tempus
1181 2161 1290 2243 magis

185 2261 226 2327 de
249 2265 346 2348 sylva
368 2286 476 2330 rerum
499 2268 833 2351 observationumque
848 2266 1065 2349 congerenda,
1088 2283 1187 2349 quam
1204 2263 1293 2346 dige-

182 2365 285 2432 renda
312 2369 474 2434 sollicitus
497 2389 597 2436 eram.
651 2370 717 2436 Illo
741 2370 858 2433 deinde
880 2370 1006 2446 labore,
1040 2372 1116 2432 unte
1143 2367 1204 2431 hos
1227 2371 1293 2430 tres

184 2488 303 2548 annoS,
335 2472 518 2552 exantlato,
550 2474 594 2536 ad
622 2492 744 2540 novam
768 2473 852 2536 hanc
882 2471 1090 2555 provinciam
1113 2491 1175 2554 pro
1204 2467 1293 2533 virili

183 2576 279 2659 parte
292 2574 586 2641 administrandam
601 2596 655 2640 me
670 2574 815 2640 accinxi.
862 2573 972 2652 Quam
987 2574 1049 2638 etsi
1072 2592 1139 2636 non
1163 2573 1293 2654 ignora·

182 2673 263 2737 bam
278 2676 382 2740 multo
395 2676 533 2762 majoris
548 2698 658 2762 operae
674 2697 768 2760 esse3
790 2679 981 2761 neutiquam
1000 2681 1108 2740 tamen
1131 2679 1238 2739 mente
1260 2676 1294 2739 et

183 2778 384 2857 cogitatione
407 2800 648 2864 prospexeram
671 2784 796 2844 tantam
818 2778 1061 2856 difficultatum,
1086 2783 1155 2841 tam
1184 2781 1294 2840 exter·

183 2894 303 2940 narum
329 2898 431 2963 quam
452 2882 665 2960 internarum,
697 2880 941 2946 multitudinem
967 2887 1066 2966 atque
1089 2879 1293 2955 varietatem,

183 2985 343 3062 quantam
354 3002 477 3047 revera
490 2990 649 3068 expertus
666 3004 751 3049 sum.
784 2982 841 3048 Ad
854 2985 928 3047 illas
940 2982 1077 3047 feliciter
1088 2979 1295 3064 superandas

183 3100 275 3166 opus
290 3088 341 3147 est
355 3086 437 3163 rita,
459 3090 528 3149 tum
543 3078 635 3151 dulci
651 3087 731 3165 otio,
753 3092 823 3151 tum
838 3085 951 3150 multis
974 3083 1294 3176 circumfluenteop·

182 3187 456 3268 portunitatibus,
490 3190 610 3273 quibus
633 3209 694 3272 ego
719 3209 818 3273 quam
845 3187 991 3252 maxime
1017 3205 1125 3250 careo.
1170 3182 1295 3249 Gravis

184 3288 274 3350 enim
298 3288 372 3354 haec
399 3290 483 3354 solet
504 3311 579 3355 esse
615 3293 761 3358 muneris
780 3290 970 3356 scholastici
986 3288 1142 3366 conditio,
1165 3292 1213 3365 ut,
1237 3285 1296 3369 qui

184 3389 313 3453 ecrite
338 3390 498 3474 perfungi,
535 3398 568 3456 ct
594 3394 693 3459 simul
721 3392 882 3457 familiam
907 3393 993 3455 alere
1020 3391 1147 3473 cupiat,
1183 3389 1296 3453 multis

183 3493 355 3576 variisque
381 3495 657 3578 occupationibus
684 3496 895 3572 distineatur,
933 3499 965 3557 ct
994 3492 1089 3574 longe
1114 3491 1295 3556 maximam

185 3592 253 3657 diei
277 3601 401 3678 partem
425 3596 604 3681 juventuti,
626 3598 759 3683 publice
782 3596 1003 3681 privatimque
1029 3594 1063 3655 in
1092 3591 1211 3656 studiis
1237 3592 1296 3655 hu·

185 3696 355 3760 munitatis
370 3714 411 3760 ac
425 3698 594 3763 literarum
608 3698 809 3776 erudiendae,
833 3697 984 3761 addicere
1007 3695 1085 3778 ipsa
1098 3694 1294 3757 necessitate

187 3804 337 3878 cogatur.
384 3795 496 3874 Quam
516 3800 560 3863 ob
577 3819 713 3864 eausam
727 3818 796 3863 non
809 3801 873 3863 nisi
889 3797 1015 3881 aliquid
1031 3795 1199 3860 subsecivi
1214 3799 1296 3858 tem·

186 3900 289 3983 poriS,
313 3900 519 3981 gravioribus
534 3902 674 3984 negotiis
687 3901 901 3978 subtractum,
925 3898 1082 3963 iuuenali
1093 3916 1167 3960 meo
1182 3895 1296 3958 dicare
1395 3925 1398 3931 ·

187 4000 268 4064 mihi
281 4000 391 4064 licuit:
415 4001 504 4084 quod
518 4002 629 4085 ipsum
645 4021 780 4086 quoque
795 4003 921 4086 saepius
937 3999 1101 4084 pluribus,
1125 4016 1210 4081 quos
1225 4014 1296 4058 sus-

187 4119 353 4184 ceperam,
376 4101 554 4166 laboribus
566 4111 600 4168 et
615 4105 713 4181 curis,
736 4105 790 4168 vel
806 4103 998 4169 domesticis
1013 4101 1170 4185 uel-alim,
1200 4099 1296 4161 inter·

188 4203 385 4288 pellabatur.
428 4205 509 4270 Huc
526 4206 668 4285 accedit,
683 4207 775 4290 quod
789 4207 887 4291 hujus
903 4205 1014 4290 poetae
1029 4203 1144 4268 editori
1159 4218 1297 4266 necesse
