3059 4925
501 361 641 426 rursu,
664 361 712 411 rr
733 359 959 414 sursulus.
1203 347 1268 415 ltt
1331 349 1344 362 “

158 507 198 572 in
208 505 418 591 tranquillum
439 504 574 591 quidem
595 504 806 589 redigebatur
826 505 1015 590 liugalitate
1032 500 1215 592 Vespasiani
1235 513 1270 575 et

104 647 108 656 ,
157 610 355 677 bberalitate
380 605 458 687 Titi,
481 609 604 674 amoris
625 614 724 695 atque
749 609 943 674 deliciarum
963 610 1091 693 generis
1112 611 1269 694 hamuuig

158 712 219 777 sed
232 731 315 776 mox
328 712 468 778 avaritia
482 717 516 777 et
537 712 730 779 erudelitate
746 709 927 775 Domitium
940 713 1056 777 iterum
1069 714 1270 796 profligaba-

158 819 225 892 tor,
250 833 359 899 neque
384 814 469 879 serre
489 820 619 899 poterat
646 814 902 881 munificentiam
929 820 963 880 et
988 816 1270 883 mamuetudinem

34 957 36 970 ι
161 913 286 995 Nerva,
300 936 376 1000 quae
399 918 578 983 contemtui
600 918 813 984 habebantur.
858 917 961 985 Nova
979 918 1010 983 ei
1032 917 1094 983 lux
1116 919 1270 1003 affulgere

158 1019 265 1103 coepit
278 1018 355 1083 iude
368 1020 412 1083 ab
427 1039 460 1085 a.
471 1017 516 1084 U.
525 1039 556 1084 c.
569 1019 646 1086 aab.
660 1020 870 1101 regnantibus
887 1015 1024 1107 Trojano
1037 1024 1071 1084 et
1082 1016 1269 1085 Hadriana

158 1120 223 1186 Ille
236 1121 420 1188 libertatem
434 1140 475 1186 ac
490 1121 640 1201 sunum,
654 1121 862 1187 securitatem
875 1125 977 1206 atque
991 1121 1095 1187 otium
1106 1121 1270 1187 anismam

158 1227 194 1289 et
222 1221 361 1305 singulis
389 1221 558 1301 reddebat,
580 1228 614 1288 et
641 1223 819 1306 imperium
840 1228 909 1288 tam
931 1223 1015 1288 bene
1037 1227 1070 1288 et
1097 1223 1271 1289 clementer

158 1323 422 1402 administrabat,
444 1327 482 1389 ut
510 1332 644 1390 senabrs
666 1324 801 1391 decreto
824 1331 859 1391 et
877 1326 1101 1391 consentiente
1123 1325 1270 1390 omnium

157 1444 246 1491 soce
262 1422 405 1511 Optimus
420 1427 658 1511 appellaretur:
679 1428 735 1492 hic
758 1427 890 1511 legibue
913 1427 1082 1494 civitatem
1096 1425 1270 1505 condebat,

157 1529 353 1613 provincias
375 1533 409 1596 et
427 1530 575 1595 literatos
596 1529 795 1595 liberalitate
820 1530 1027 1610 sublevabat,
1046 1528 1187 1616 judicia,
1201 1548 1271 1594 rem

159 1631 334 1697 ιιίἰίωτεω
361 1630 636 1716 disciplinamque
664 1631 916 1715 diligentissime
944 1633 1175 1698 constituebat.
1230 1631 1272 1698 ln

159 1732 219 1798 illo
233 1738 417 1819 temporum
429 1754 602 1819 rerumque
614 1740 712 1814 statu,
722 1741 799 1800 ante
808 1734 1051 1820 Vespasianum
1060 1739 1094 1800 et
1109 1733 1271 1814 Nervam,

160 1836 221 1900 vix
234 1836 352 1901 umbra
364 1836 419 1902 vel
431 1833 641 1919 frugalitatis,
655 1836 808 1921 pudoris,
816 1836 1048 1919 magnitudinis
1062 1836 1174 1914 animi,
1188 1836 1272 1901 alia·

160 1956 300 2022 rumque
313 1939 467 2005 virtutum
480 1938 699 2022 pristinarum,
715 1937 836 2022 quibus
850 1957 912 2003 nec
926 1938 1030 2003 bonor
1045 1957 1108 2004 uec
1129 1940 1272 2022 pretinm

161 2043 234 2104 erat
262 2039 378 2118 ullum,
406 2042 460 2107 vel
494 2045 603 2106 metus
629 2039 750 2124 legum,
775 2041 948 2121 libertatis,
974 2044 1074 2125 atque
1104 2039 1272 2122 religionis

161 2142 417 2226 relinquebatur,
431 2149 466 2209 et
476 2143 632 2227 vigebant
645 2140 756 2206 omnia
769 2141 922 2207 vitiorum
937 2159 1066 2225 genera,
1080 2159 1142 2205 neo
1160 2139 1272 2206 minus

161 2250 323 2329 prorupta
336 2245 478 2311 audacia
492 2241 714 2329 ,Deorumque
735 2248 934 2323 contemtus,
949 2261 1049 2328 quam
1071 2244 1190 2309 servile
1212 2245 1272 2311 ob·

162 2349 318 2433 sequium
330 2353 364 2413 et
379 2348 478 2413 anilis
492 2346 693 2434 superstitio.
736 2345 892 2412 Honores
905 2365 971 2412 nou
985 2346 1163 2412 virtutibus
1174 2347 1273 2412 meri·

161 2451 272 2535 tlsque
293 2451 464 2536 patebant,
488 2450 547 2515 sed
568 2450 623 2516 rel
643 2450 772 2517 divitiis
792 2456 827 2517 et
847 2450 1024 2529 nobilitati,
1043 2450 1098 2516 rel
1116 2448 1272 2516 sordibus

163 2555 359 2638 artibusque
372 2553 563 2619 inhonestis.
607 2552 641 2619 A
663 2554 785 2622 studiis
804 2553 1024 2620 severioribus
1038 2553 1138 2638 plane
1152 2553 1272 2618 abbor-

162 2657 457 2722 rebanthomiuum
477 2656 626 2741 ingenia3
650 2670 727 2724 cunt
751 2657 884 2723 luxuria
907 2662 1005 2741 atque
1024 2655 1182 2720 libidines
1204 2670 1272 2721 nou

162 2760 312 2845 corporis
325 2764 465 2838 tantum,
480 2759 540 2826 sed
562 2758 664 2825 animi
685 2762 789 2828 etiam
809 2760 897 2827 vires
918 2761 1129 2845 vigoremque
1143 2776 1272 2824 omnem

162 2863 399 2945 extinguerent.
442 2860 514 2942 Qui
525 2861 794 2946 philosophorum
807 2880 925 2927 nomen
945 2866 981 2927 et
1000 2878 1122 2925 munus
1136 2857 1272 2943 profite-

161 2963 292 3043 bantur,
303 2964 334 3030 si
349 2965 510 3031 Senecam
520 2970 555 3031 et
569 2963 761 3043 Cornutum,
771 2963 916 3044 Stoicos,
929 2963 1080 3046 aliosque
1094 2958 1272 3027 admodum

163 3084 292 3150 paucos
307 3069 492 3151 exceperis,
509 3067 565 3132 vel
584 3067 789 3152 voluptatum
809 3064 972 3131 illecebris
994 3064 1085 3148 capti
1105 3061 1273 3147 Aristippi

163 3172 197 3233 et
210 3167 359 3253 Epicuri,
369 3169 422 3235 vel
434 3167 627 3254 disputandi
637 3172 765 3234 tantum
779 3165 961 3252 cupiditate
975 3164 1066 3231 ducti
1077 3163 1271 3232 Academias

164 3268 376 3356 disciplinam
397 3273 618 3349 sectabantur,
637 3271 692 3336 vel
713 3269 788 3335 sola
808 3287 905 3335 vanas
927 3266 1153 3334 ostentationis
1168 3284 1274 3345 causa

166 3369 355 3439 Stoicorum
375 3378 547 3458 praeoepta
560 3378 593 3438 et
606 3372 812 3456 gravitatem,
826 3388 893 3434 non
907 3370 978 3436 vita
990 3373 1025 3435 et
1036 3369 1197 3448 moribus,
1213 3367 1273 3434 sed

166 3476 287 3554 verbis,
302 3476 418 3555 barba,
441 3475 632 3561 supercilio,
644 3474 821 3552 vestim,et
840 3472 949 3538 uetus
970 3471 1148 3554 asperitate
1162 3469 1273 3555 expri-

166 3578 309 3656 mebant,
324 3578 377 3643 rel
395 3577 538 3661 denique
556 3575 638 3641 nulli
657 3581 760 3642 sectae
786 3573 922 3653 addicti,
941 3591 1043 3658 apum
1061 3573 1176 3649 instar,
1194 3587 1271 3654 quse

167 3678 354 3757 arriderent,
379 3678 527 3764 undique
552 3678 752 3744 delibabant.
796 3675 1005 3761 Eloquentia,
1029 3675 1181 3740 libertate
1204 3668 1273 3755 pri·

166 3798 255 3845 mum
269 3785 304 3846 et
318 3782 437 3847 deiude
452 3782 594 3846 comitiis
603 3780 721 3865 populi
735 3799 757 3845 a
769 3778 906 3845 Tiberio
918 3777 1057 3844 sublatis
1070 3774 1273 3858 mutatisque

166 3885 313 3949 moribus
327 3903 368 3948 ac
383 3883 512 3961 studiis,
527 3902 549 3948 a
569 3882 691 3947 lumine
711 3881 844 3959 forensi,
858 3885 891 3946 et
905 3897 1079 3945 causarum
1097 3882 1165 3941 tam
1185 3875 1272 3941 veri·

168 3990 233 4049 tate
252 4005 354 4069 quam
375 3987 551 4071 gravitate,
565 3984 608 4049 ad
628 3976 760 4068 judicia
783 3981 1072 4057 centumuirorum,
1092 3977 1134 4041 ad
1155 3975 1272 4043 adula-

169 4088 269 4154 torios
307 4089 525 4174 panegyricos
550 4087 586 4152 iu
612 4092 726 4152 senatu
752 4084 935 4162 habendos,
960 4086 994 4148 et
1018 4079 1061 4147 ad
1085 4078 1273 4144 scholarum

170 4190 318 4256 umbram
341 4191 556 4276 betarumque
577 4207 751 4257 causarum
774 4186 952 4256 umalama
975 4182 1221 4263 traducebatur,
1239 4186 1274 4247 et
