3059 4925
477 365 614 430 rursu,
638 365 685 417 ru
706 365 931 459 ruvsnanrs.
975 369 978 378 ¹
1189 349 1255 422 1'13

28 511 30 594 ζ
158 533 222 599 qne
228 511 377 598 jucunde
399 513 573 595 agendum,
596 517 630 577 et
656 512 699 577 ad
721 532 864 577 amorem
886 514 1014 579 vinutis
1034 507 1255 603 vitiommque

28 601 29 644 ff
159 613 271 681 odium
284 615 479 699 gignmmm
492 617 737 699 pertinentibus,
751 616 879 682 refertae
894 622 970 682 sunt
991 624 1060 682 tum
1082 619 1257 708 potiturum

84 753 88 760 ·
159 717 290 786 illorum
304 719 428 796 satirae,
443 723 513 783 tum
528 717 664 784 Horatii
675 719 885 802 potissimum
900 720 1061 803 epistolae,
1070 725 1258 790 maturioris

159 818 281 900 ingenii
293 818 406 884 foeba.
449 817 576 883 Omnes
590 820 665 886 istae
680 826 749 885 tum
763 822 912 900 veritate,
933 827 1002 887 tum
1019 826 1212 905 praestantia
1225 831 1259 891 et

160 920 300 988 utilitate
315 941 416 1005 quam
429 922 577 986 maxime
589 939 626 986 se
650 923 888 989 commendant.
935 923 1132 991 Horatiana
1147 933 1259 992 tamen

160 1023 304 1085 naturali
326 1022 471 1105 quadam
488 1023 713 1105 simplicitate,
736 1022 904 1090 Persianae
919 1027 1035 1108 rigore,
1050 1029 1212 1107 acumine,
1227 1033 1261 1093 et

163 1123 353 1202 subtilitate,
370 1129 414 1202 et,
429 1143 515 1209 ques
537 1124 713 1189 luvenalis
734 1127 849 1204 tradit,
864 1129 1024 1210 gravitate
1035 1131 1195 1194 orationis
1212 1131 1262 1194 in·

162 1225 356 1306 signiuntur.
401 1225 556 1291 Ceterum
582 1232 717 1310 propter
741 1226 857 1294 horum
880 1230 1051 1313 praecipue
1073 1236 1275 1314 praecepto.

162 1345 234 1390 rum
246 1328 485 1393 multitudinem
500 1333 535 1393 et
544 1329 772 1410 praestantiam
785 1330 995 1395 satiricorum
1008 1330 1180 1414 poetarum
1194 1335 1262 1399 lec·

162 1428 286 1494 tionem
295 1430 503 1495 utilissimam
518 1425 604 1507 csse,
619 1429 680 1492 vix
690 1429 846 1513 estquod
860 1449 1020 1498 moneam.
1049 1432 1103 1496 Ea
1113 1433 1261 1515 protecto

28 1537 30 1548 “
163 1527 325 1615 αροὸῐίε
351 1531 586 1615 comprehensa
608 1530 760 1596 versibus
786 1533 892 1600 multo
916 1534 1022 1616 magis
1046 1539 1078 1598 et
1107 1537 1263 1605 tenebunt
1370 1559 1374 1570 ·

162 1632 439 1717 delectabuntque
450 1634 610 1698 lectorum
625 1632 765 1710 animos,
785 1640 820 1699 ct
838 1634 961 1700 diutius
975 1636 1011 1699 in
1023 1640 1182 1702 memoria
1195 1639 1264 1705 hae-

163 1736 290 1814 rebunt,
303 1755 403 1820 quam
417 1738 446 1801 si
457 1755 498 1800 ea
512 1755 556 1800 ex
576 1734 689 1800 ethico
698 1736 796 1812 libro,
811 1736 865 1800 vel
878 1739 1020 1802 tenuiter
1035 1739 1088 1803 vel
1102 1740 1263 1806 subtiliter

163 1836 301 1920 scripto,
317 1839 534 1921 perceperint,
557 1843 615 1904 aut
627 1857 756 1903 morum
769 1844 1006 1921 praeceptorem
1027 1859 1068 1904 ea
1093 1841 1265 1907 docentem

28 1943 29 1996 t
164 1939 430 2020 etexplicantem
444 1939 639 2004 audiverint.
685 1940 765 2005 Dici
780 1950 888 2003 autem
908 1942 967 2005 vix
984 1947 1104 2025 potest,
1127 1948 1265 2025 quanto-

28 2057 30 2130 }
164 2057 242 2121 pere
267 2040 344 2119 illis,
357 2044 522 2106 memoriae
545 2040 660 2106 infixis
678 2045 712 2105 et
734 2040 931 2124 tempestive
949 2039 985 2106 in
999 2061 1073 2106 eam
1087 2043 1265 2122 revocatis,

28 2147 30 2228 t
165 2161 257 2207 mens
272 2144 427 2207 velcuris
440 2144 595 2209 confecta
607 2141 828 2219 confirmetur,
843 2142 898 2207 vel
915 2143 965 2207 ira
986 2143 1127 2226 aliisque
1141 2142 1266 2209 affecti·

28 2245 30 2266 '
166 2247 231 2308 bns
244 2245 378 2310 truhata
392 2247 606 2310 contineatur.

28 2395 30 2424 2
176 2372 183 2380 ·
209 2346 266 2411 Ex
276 2349 340 2426 his,
355 2367 433 2431 quae
447 2366 550 2431 supra
563 2347 605 2414 de
619 2346 765 2427 Horatii,
780 2346 902 2424 Persii,
917 2351 950 2411 et
969 2346 1142 2412 iuvenalis
1156 2348 1267 2413 satiris

166 2468 343 2535 sunrmque
356 2450 533 2516 virtutihus
555 2448 806 2534 disputavimus,
826 2449 925 2515 facile
945 2448 1142 2535 intelligitur,
1164 2450 1268 2536 pluri·

29 2588 31 2657 ζ
167 2570 257 2617 mum
272 2554 422 2619 utilitatis
435 2574 480 2618 ex
494 2568 607 2618 earum
625 2552 768 2617 lectione
782 2553 910 2636 percipi
924 2572 1036 2637 posse,
1050 2572 1188 2638 eamque
1202 2572 1269 2618 non

167 2655 269 2719 modo
282 2655 327 2718 ad
349 2656 515 2739 ingenium
536 2654 715 2738 multiplici
737 2655 885 2720 doctrina
905 2657 1137 2740 variarumque
1161 2676 1269 2722 rerum

169 2758 353 2840 cognitione
379 2756 609 2834 excolendum,
645 2761 680 2822 et
706 2756 854 2835 mollius,
884 2758 1032 2836 suavius,
1060 2757 1268 2842 facetiusque

167 2858 380 2938 reddendum,
396 2858 613 2944 adjudicium
627 2857 824 2936 acuendum,
840 2855 884 2923 ad
895 2859 1116 2936 sensumveri,
1127 2856 1268 2940 pulchri,

29 2992 30 2997 ¹
168 2964 308 3039 venusti,
324 2966 357 3026 et
370 2961 499 3027 honesti
513 2959 677 3038 alendum,
690 2959 734 3023 ad
749 2965 891 3025 mentem
907 2959 1122 3024 admiratione
1147 2979 1188 3025 ac
1209 2979 1269 3025 vo·

30 3054 32 3089 *
167 3068 295 3151 luptate
322 3062 590 3149 pertundendum,
619 3064 662 3126 ad
689 3082 800 3127 mores
827 3068 897 3127 tam
926 3060 1152 3127 Romanorum
1178 3062 1269 3126 illius

169 3168 247 3246 aevi,
272 3186 376 3250 quam
401 3167 552 3231 universe
578 3165 748 3229 hominnm
776 3164 908 3249 penitus
937 3161 1196 3247 cognoscendos,
1226 3163 1272 3229 ad
1325 3231 1328 3236 ,

168 3272 343 3334 venustam
356 3267 586 3346 urbanitatem,
600 3266 785 3331 naturalem
797 3267 1055 3351 simplicitatem,
1065 3266 1271 3349 gravitatem,

167 3370 316 3453 eliasque
325 3374 358 3433 et
365 3368 525 3435 metionis
532 3373 567 3433 et
576 3368 654 3433 vitae
662 3372 749 3432 artes
762 3367 949 3446 discendas,
965 3367 1010 3433 ad
1023 3368 1188 3439 diversam
1203 3386 1272 3432 ser·

169 3475 276 3538 monis
295 3473 437 3563 indolem
448 3472 708 3557 percipiendam,
719 3472 886 3538 sedetiam
900 3473 1063 3538 admores
1077 3473 1271 3557 animosque

171 3573 351 3658 fingendus,
367 3573 410 3640 ad
424 3594 537 3639 veram
548 3574 728 3658 utilemque
742 3573 986 3658 philosophiam
999 3575 1091 3651 vitae,
1105 3573 1271 3657 hujusque

171 3677 267 3754 bene,
283 3676 440 3753 suaviter,
455 3675 640 3758 tranquille,
665 3694 781 3739 secure
804 3675 1024 3758 transigendae
1052 3681 1154 3777 artem
1176 3674 1273 3739 imbi-

171 3779 323 3855 hendam,
336 3785 370 3844 et
384 3777 428 3843 ad
443 3796 588 3842 amorem
610 3779 767 3842 virtutum
789 3779 967 3861 odiumque
989 3779 1155 3854 vitiorum,
1179 3795 1273 3859 argu·

173 3882 291 3945 mentis
303 3880 533 3963 exemplisque
559 3881 752 3965 propositis,
776 3879 1007 3964 inspirandum
1030 3884 1063 3944 et
1085 3877 1272 3961 concipien-

174 3982 262 4061 dum,
276 3982 459 4051 maximam
472 3982 606 4048 ommno
617 3982 687 4049 uim
700 3982 831 4053 habere.
878 3982 994 4047 Satirae
1018 3973 1133 4045 horum
1155 3977 1273 4067 peita-

173 4102 255 4162 rum,
284 4081 480 4148 et-Horatii
502 4083 711 4167 potissimum
734 4084 898 4168 epistolae,
927 4081 1152 4166 pulcherrimis
1176 4079 1273 4158 loeis,

175 4184 351 4264 sententiis,
379 4185 588 4269 imaginibus,
618 4190 652 4250 et
673 4184 962 4270 descriptionibus,
991 4181 1274 4279 praestantissimis

238 4305 362 4371 nepaes
376 4303 434 4355 var.
447 4304 512 4353 car.
737 4304 795 4353 aa.
1184 4297 1212 4350 n
1281 4280 1283 4289 ’
