3059 4925
522 383 530 402 ι
593 368 817 420 snvnunnrs.
1212 343 1267 424 dd·

150 510 253 595 polita
266 512 537 598 publicatamque
560 514 677 595 fuisse,
701 536 779 584 cum
798 519 882 584 setis
904 517 1017 601 ntique
1037 525 1176 600 constet,
1191 525 1258 588 tre-

151 615 318 684 decimam
341 622 375 682 et
397 618 561 708 decimam
589 619 751 716 quintam,
775 639 851 705 quae
875 622 1060 705 penultima
1079 628 1141 702 est,
1155 624 1254 692 initio

150 714 320 788 Hadriani
330 719 473 802 scriptas
485 739 571 798 esse,
585 720 629 786 ad
644 724 778 788 tertium
795 723 887 805 regni
900 721 974 808 ejus
989 744 1122 792 annum.
1166 725 1256 793 Tum

150 816 186 888 ie
200 818 402 903 supinionem
427 822 522 901 venit,
535 824 625 908 quani
644 833 786 909 tempora
798 823 942 913 figurate
965 836 1108 906 autumet,
1123 836 1268 914 propter⁴

149 921 211 988 illu
225 924 337 1002 verba,
347 943 426 1008 quee
440 925 591 1010 leguntur
605 928 715 994 Satira
726 929 870 1018 septima
890 929 958 1015 (vs.
969 928 1041 1016 90.)

370 1071 464 1162 Quod
477 1098 536 1140 non
549 1075 626 1141 dant
639 1101 788 1168 proceres,
803 1078 1024 1145 debilitatio.

149 1224 299 1310 Singulae
312 1212 364 1294 ha'a
378 1248 479 1296 voces
494 1230 645 1300 Suetonii
668 1231 890 1316 ponderanda
910 1239 995 1312 sunt,
1010 1233 1042 1297 in
1057 1233 1256 1319 sepitionem

149 1328 245 1405 uenit,
260 1336 292 1395 et
306 1330 541 1420 qucrifigurute
563 1344 700 1418 temporo
725 1321 869 1400 notasset.
914 1334 1000 1402 Corn
1014 1338 1101 1402 enirn
1114 1342 1184 1404 tola
1197 1337 1257 1404 ille

150 1429 265 1496 Satira
277 1452 330 1497 res
345 1439 379 1499 et
390 1434 540 1500 homines
559 1437 732 1502 anterioris
751 1438 912 1522 temporis
936 1457 1072 1524 carpere
1089 1438 1255 1518 rideatur,

149 1539 183 1597 et
194 1535 389 1604 nominatim
415 1537 573 1604 Paridem
599 1540 746 1625 arripiat,
769 1541 828 1624 qui
849 1541 912 1606 snb
927 1540 1120 1607 Domitiano
1132 1541 1253 1620 floruit,

150 1642 184 1706 el
196 1641 308 1724 potuit
319 1641 460 1707 multum
473 1642 508 1706 in
520 1643 742 1727 prouehendis
757 1644 828 1708 suis
841 1642 1037 1725 fautoribus,
1048 1641 1193 1732 figurate
1206 1651 1256 1710 ta·

150 1760 226 1832 men
239 1743 339 1808 etiam
351 1763 500 1828 praesens
513 1752 646 1828 tempus
660 1752 774 1810 notare
785 1751 855 1810 tum
874 1747 967 1810 visus
985 1752 1046 1826 est,
1061 1765 1128 1830 quo
1140 1747 1258 1814 simili·

150 1849 198 1924 ter
211 1853 246 1912 et
268 1847 393 1918 histrio,
409 1848 553 1934 quidum·
567 1857 697 1933 potens,
720 1854 754 1913 et
779 1849 923 1914 scenice
938 1850 1092 1931 gratime
1106 1850 1257 1931 militias,

150 1951 346 2030 tribuunatue,
361 1957 393 2017 et
406 1951 824 2036 praetermittendarum
838 1952 908 2016 suis
923 1952 1133 2018 conciliabat.
1175 1950 1256 2018 Hoc

149 2071 210 2120 nec
227 2053 355 2120 abludit
374 2074 396 2120 a
416 2056 561 2121 moribus
574 2053 750 2133 Hadriani,
766 2054 825 2139 qui
838 2052 952 2119 verius
965 2054 1001 2120 in
1014 2052 1258 2120 omnibusfuit:

25 2155 26 2158 ’
149 2174 228 2220 nam
246 2161 281 2219 et
294 2157 455 2240 psallendi
470 2157 676 2242 canendique
698 2156 811 2223 studio
825 2157 1056 2238 tenebutn1,et
1070 2155 1256 2221 comoedias

150 2257 398 2343 uagoediasque
423 2279 553 2344 semper
567 2261 603 2324 in
624 2259 779 2324 convivio
796 2259 984 2325 exhibebat.
1028 2260 1122 2325 Licet
1146 2264 1258 2324 antem

151 2359 233 2426 nihil
248 2361 316 2425 tale
327 2364 518 2446 scripserint
531 2370 684 2429 auctores
698 2363 778 2432 vitae
803 2362 982 2441 Hadriani,
1006 2365 1064 2448 qui
1082 2360 1181 2427 bodie
1195 2381 1256 2427 ex·

150 2466 232 2541 tant,
248 2482 315 2529 non
328 2465 514 2533 dubitanter
526 2472 636 2532 tamen
657 2466 691 2531 id
712 2485 893 2551 possumus
912 2464 1084 2544 affirmare,
1099 2463 1258 2530 totcertie

152 2568 355 2648 argumentis
368 2573 402 2632 et
416 2570 604 2635 testimonio
627 2569 790 2645 Suetonii,
804 2568 894 2653 quod
919 2568 1029 2633 omnia
1049 2572 1194 2652 superet,
1207 2566 1256 2630 in-

151 2666 255 2735 ducti.
302 2669 416 2756 Finge,
430 2691 520 2750 vero,
535 2673 637 2738 verba
655 2669 820 2758 illaqueari
838 2692 900 2736 non
914 2670 991 2734 dunt
1005 2690 1152 2755 proceres,
1166 2667 1257 2733 dabit

26 2808 27 2839 i
151 2766 272 2849 lutrio,
284 2770 326 2836 de
341 2776 543 2858 temporibus
568 2775 751 2841 Domitiani
766 2776 846 2854 dici,
861 2780 896 2840 et
918 2775 952 2838 in
968 2773 1125 2838 Paridem
1137 2780 1257 2857 panto·

27 2852 29 2923 ξ
151 2874 287 2949 mimum
304 2874 393 2939 illius
408 2878 486 2954 eevi,
500 2877 591 2941 nulle
604 2883 682 2942 tunc
706 2878 766 2943 erit
790 2878 905 2960 figura,
919 2876 1045 2940 nullum
1055 2877 1171 2958 σχῆμα,
1184 2874 1258 2939 nul-

27 2974 28 2983 ’
151 2971 220 3038 lum
233 2976 369 3059 oblique
389 2979 534 3043 dictum:
567 2997 646 3042 nam
659 2978 808 3047 districte
824 2997 865 3042 ac
885 2976 1006 3041 directe
1019 2980 1169 3058 tempora
1183 2974 1256 3040 Do-

150 3079 279 3155 mitiani
292 3086 420 3159 emant,
434 3087 467 3145 et
481 3080 637 3146 Paridem,
648 3086 762 3166 aperte
784 3080 962 3157 nominent,
978 3084 1012 3144 et
1030 3077 1164 3143 nimiam
1185 3078 1257 3162 ejnc

27 3200 28 3203 ’
150 3183 332 3265 potentiam
344 3189 470 3251 notant.
514 3183 609 3249 Nihil
622 3204 701 3267 ergo
713 3179 984 3267 ieticfignrntum,
1001 3181 1031 3244 si
1054 3182 1257 3264 temporibus

28 3366 29 3379 ἵ
151 3283 348 3363 Domitiani,
364 3286 452 3371 quod
468 3285 667 3365 dictumest,
683 3287 771 3350 sicut
783 3291 873 3350 recte
890 3283 1053 3361 convenit,
1069 3288 1101 3348 et
1119 3301 1258 3368 expres·

151 3406 226 3453 snm
252 3393 314 3466 cet,
329 3388 627 3454 accommodemus.
672 3388 741 3453 Sed
755 3391 786 3455 si
804 3389 840 3451 in
856 3406 1028 3471 personam
1041 3384 1172 3449 Paridis
1186 3378 1259 3449 dic·

150 3494 194 3568 ta,
209 3490 294 3557 etin
308 3490 489 3556 Domitiani
503 3491 676 3576 imperium
690 3491 828 3568 directa,
838 3489 937 3554 tacite
948 3489 984 3552 in
996 3486 1167 3551 historiam
1182 3485 1257 3557 Ha⁶

152 3594 270 3672 drieni,
286 3593 377 3660 etad
390 3599 540 3677 tempora
564 3594 639 3677 ejus
663 3592 831 3676 culpanda
842 3596 1066 3674 torqueantur,
1091 3594 1160 3653 turn
1174 3588 1256 3673 figu-

150 3700 233 3763 ratae
249 3696 409 3761 orationis
423 3702 457 3759 et
474 3694 655 3759 notationis
678 3695 782 3757 instar
807 3691 843 3755 id
862 3691 1031 3757 obtinebit.
1078 3680 1207 3754 Etenim
1214 3690 1256 3754 fi-

152 3819 233 3881 gura
250 3804 315 3878 eet,
331 3819 408 3864 enm
422 3799 486 3862 snb
501 3797 635 3865 alterius
649 3815 805 3881 persona,
824 3814 922 3878 quern
933 3795 1152 3871 nominamus,
1174 3795 1256 3858 alte·

152 3921 225 3981 qum
239 3920 337 3986 aeque
351 3901 520 3987 uitiosum,
530 3901 589 3985 qui
598 3902 646 3964 ita
654 3899 855 3982 designatur,
865 3903 903 3962 ut
908 3896 1047 3962 auditori
1056 3896 1255 3978 relinquatur

152 4002 376 4082 inveniendus,
389 4003 578 4087 fatigamus.
623 4002 681 4068 Sic
703 4001 727 4066 J
730 4001 878 4066 uvenalis
898 3999 962 4064 sub
979 4000 1107 4064 nomine
1123 3996 1256 4061 Paridis

153 4105 337 4181 Domitiani
360 4105 563 4173 Pantcmimi
593 4123 728 4190 carpere
770 4122 811 4169 ac
839 4106 953 4169 notare
979 4100 1116 4183 figurate
1149 4098 1256 4165 voluit

150 4207 331 4283 Hfltlrinni.
350 4208 546 4292 imperium
589 4209 652 4279 snb
689 4226 758 4292 quo
798 4210 832 4273 et
862 4207 981 4292 petens
1013 4220 1109 4286 ecque
1140 4199 1257 4267 unuin

218 4324 345 4390 nopae
359 4323 417 4377 re.
435 4295 501 4377 cns.
732 4320 791 4374 :ee
1168 4320 1191 4371 c
