3059 4925
631 344 771 394 SATlRA
797 345 831 395 V.

181 491 264 556 Flos
279 488 375 554 Asiae
391 495 467 556 aute
480 491 604 576 ipsum,
618 493 727 576 pretio
741 490 869 577 majore
882 499 1032 590 paratus,

176 592 289 673 Quam
301 591 365 656 init
378 597 411 656 et
422 592 515 657 'lulli
530 612 649 658 consino
663 595 838 678 pugnacis,
852 599 887 659 et
899 592 1002 672 Anci,

175 694 231 772 Et,
245 713 287 759 ue
301 698 334 757 to
348 699 486 772 teneam
502 693 729 763 Romanorum
743 695 857 763 omnia
870 715 984 778 regum

175 795 322 862 Frivola.
365 793 467 873 Quod
481 785 556 860 oum
570 796 618 861 ita
632 797 687 875 sit,
702 802 739 861 tu
753 794 926 860 Gaetulum
940 794 1168 881 Ganymedem

174 896 335 981 Respice,
350 915 427 960 cum
442 896 545 962 sities
593 895 715 963 Nescit
728 902 779 961 tot
791 898 938 963 millibus
950 903 1056 964 emtus
1236 902 1281 968 66

175 1081 255 1143 Prope
270 1080 337 1130 11166
350 1080 401 1143 flos
419 1080 496 1143 iso,
524 1086 600 1132 erum
625 1081 734 1146 pluribus
748 1081 865 1146 pecuniis,
886 1098 955 1146 6666
971 1084 1073 1134 extitere
1090 1100 1143 1149 opes
1159 1086 1197 1135 ael
1218 1084 1283 1135 Hos·

172 1144 224 1193 tilii
242 1144 370 1208 bellom-ir,
388 1147 427 1195 oet
448 1146 556 1196 Martii.-
579 1162 616 1210 er,
640 1162 670 1196 se
691 1152 715 1196 ts
734 1161 822 1211 morer,
842 1161 920 1211 quam
939 1155 1024 1199 casata
1043 1150 1100 1199 eilia
1122 1151 1216 1213 Regum
1232 1151 1283 1201 Ro·

171 1225 302 1259 erasm.
336 1210 397 1265 Qua
428 1210 522 1260 assiam
542 1211 577 1261 sic
597 1227 623 1262 se
643 1211 738 1274 babent,
760 1212 853 1274 quaudo
873 1212 974 1262 teritis
995 1219 1058 1276 aret,
1078 1215 1153 1263 oculos
1173 1218 1282 1264 emate

172 1277 199 1324 ie
223 1274 384 1338 Ganymedem
408 1226 538 1326 botulum.
579 1277 720 1328 Enimvero
744 1290 826 1325 serem
853 1281 890 1325 tot
913 1277 1016 1327 millibus
1038 1292 1198 1330 nummorum
1221 1293 1282 1328 eost·

634 1402 797 1424 “nunno
800 1404 813 1423 Ι

171 1480 315 1533 noemma
326 1497 388 1533 vero
399 1499 416 1533 a
424 1484 520 1535 mentis
531 1483 704 1536 admonitione
721 1484 867 1535 dicte-66
882 1490 943 1550 post
959 1499 997 1536 rs.
1010 1484 1194 1549 6616616616
1206 1490 1281 1536 las-

170 1549 250 1596 6769
259 1548 341 1611 ejecti
352 1564 367 1597 e
379 1553 420 1599 13.
452 1565 533 1603 aenou
550 1551 614 1600 Tulli
630 1554 780 1601 66-5961
798 1549 825 1599 16
838 1554 878 1600 13.
890 1550 929 1599 ita
939 1551 1087 1601 contracti:
1105 1551 1218 1617 Prospiee
1228 1567 1282 1601 cusa

170 1610 238 1660 sities
248 1616 277 1660 td
289 1613 405 1663 Geslsrs
416 1613 567 1678 Ganymedes
577 1614 726 1679 Pauperibus
731 1614 828 1664 museo
836 1629 895 1678 puer
903 1620 940 1664 tot
948 1615 1051 1664 suillibus
1058 1618 1208 1665 emtus-60
1216 1617 1282 1665 Ver·

169 1687 214 1729 tua
224 1675 258 1726 ab
270 1676 321 1726 alia
331 1691 408 1728 manu
419 1678 531 1743 scriptus
541 1680 568 1729 iu
579 1684 684 1731 ltu-61
703 1679 792 1730 servire
803 1693 850 1744 pro
860 1680 958 1730 misem
966 1684 1007 1730 16.
1037 1694 1099 1744 puer
1109 1678 1241 1744 fumosus,
1257 1685 1281 1730 et

671 1805 779 1859 NOTAE

169 1914 291 1967 Latinam
302 1919 414 1985 veheris,
424 1920 494 1972 inter
505 1923 634 1986 sepulcra,
645 1934 703 1987 qnae
744 1921 825 1987 vieto,
839 1920 935 1973 Albam
953 1921 1044 1986 diruit,
1059 1920 1117 1987 ejus
1135 1921 1227 1972 incolis
1242 1927 1281 1972 at·

168 1993 229 2045 binc
246 2002 275 2046 et
290 1995 351 2047 inde
368 1998 543 2061 plurimaillic
555 2004 705 2049 constructa
744 2010 796 2060 qne
813 1997 906 2062 opibus
923 1999 1030 2047 Romam
1047 1997 1186 2048 translatis.
1207 1997 1279 2049 Flos.

170 2077 241 2121 suut.
273 2072 340 2122 Vide
350 2074 409 2124 Sat.
420 2089 440 2127 1.
455 2090 494 2126 vs.
506 2076 606 2126 ultimo.
744 2077 841 2136 capa.

202 2150 237 2195 66
252 2146 450 2201 itosaaeasse
459 2150 550 2215 166166]
575 2150 614 2201 At
629 2151 704 2202 diviti
777 2149 852 2213 Asci]
878 2150 957 2200 Ascua
971 2142 1085 2200 Martius
1102 2155 1211 2215 quartus
1227 2150 1281 2199 Ro·

168 2220 285 2275 Patrono
293 2224 419 2277 formosus
431 2228 506 2278 adest
516 2243 582 2293 puer
590 2243 623 2278 ex
632 2227 704 2293 Asia,
744 2238 875 2275 manorum
892 2226 962 2288 Res,
978 2226 1083 2276 Latinos
1095 2223 1209 2288 subegit,
1227 2226 1280 2276 lle

163 2298 298 2363 jucundus
308 2303 433 2366 pincerna
442 2311 471 2355 ct
479 2305 608 2356 minister,
744 2315 846 2351 menam
869 2301 1001 2352 ditionem>
1015 2301 1047 2351 ad
1068 2316 1139 2351 mare
1159 2301 1279 2365 protulit,

201 2376 280 2440 Ario]
307 2378 368 2429 Una
388 2387 429 2430 est
449 2396 464 2430 e
486 2382 603 2446 partibus
623 2382 704 2446 orbis,
744 2384 824 2443 atque
838 2378 941 2428 Ostiam
952 2378 1043 2427 urbem
1054 2378 1081 2426 in
1092 2378 1149 2442 ipso
1159 2377 1238 2431 maris
1247 2392 1282 2429 ae.

168 2455 364 2520 sanemaxima,
383 2458 427 2508 rel
436 2474 468 2510 co
483 2456 649 2522 praeferenda
660 2475 703 2510 ce·
743 2454 852 2520 Tyberis
863 2453 975 2506 confinio
986 2453 1136 2505 edificavit.
1155 2453 1210 2504 Tit.
1220 2453 1278 2506 Livi

167 2532 406 2597 teris,quodinea
423 2535 522 2600 primus
539 2537 615 2586 bomo
632 2551 703 2586 crea·
743 2531 788 2583 lib.
798 2547 817 2581 1·
1276 2534 1278 2542 '

167 2611 229 2667 ttls;
246 2607 372 2675 Demque
389 2611 468 2674 visus,
485 2612 703 2662 etcumbomini·
774 2615 807 2660 58
824 2610 983 2662 Romanunm
997 2610 1076 2659 666ιί6
1093 2607 1197 2672 Regum]
1222 2608 1279 2659 Nu·

167 2681 218 2736 bus
237 2693 414 2750 conversatus,
435 2687 534 2737 ibidem
553 2694 636 2738 morte
655 2703 703 2738 sua
741 2701 813 2737 mero
835 2695 945 2752 septem,
965 2700 1073 2753 quorum
1093 2685 1195 2749 exiguas
1213 2698 1277 2750 opes

165 2757 250 2812 ’111661
261 2764 377 2814 restituit
387 2764 467 2830 lapsis
478 2764 637 2815 mortalibus.
741 2763 815 2813 initio
826 2762 909 2814 inere.

200 2837 285 2888 Pretio
295 2841 382 2901 torpore
389 2840 501 2905 paratu]
518 2840 589 2889 Plin.
599 2854 649 2892 vu.
660 2845 701 2892 12.
774 2846 807 2890 59
823 2839 933 2904 Frieslr]
970 2840 1052 2891 Nibili
1082 2833 1198 2904 putanda
1221 2849 1277 2903 prae

162 2909 308 2964 ‘Toranius
325 2914 435 2979 mango(
455 2915 548 2981 iuquit,
573 2915 630 2966 ‘M.
647 2905 706 2965 AnJ
742 2918 841 2968 divitiis
863 2919 937 2967 Rom.
962 2916 1109 2981 principum
1128 2908 1278 2976 hodiernis}

166 2987 241 3039 tenio
260 2990 315 3055 jam
331 2992 478 3042 'lbiumviro
495 2991 602 3042 exuuias
618 2990 703 3042 forma
742 3009 774 3045 ac
793 3009 847 3059 prae
867 3009 899 3043 ca
926 3006 1034 3056 summa,
1060 3006 1111 3057 qua
1130 2997 1215 3041 emtus
1235 2998 1279 3041 est

165 3079 262 3129 pueros
273 3067 338 3119 duos
347 3069 464 3121 vendidit
471 3068 597 3140 sestertiis
607 3068 703 3119 ducen-
741 3071 786 3121 ille
796 3071 907 3121 Asianus
918 3084 992 3135 puer.

166 3140 217 3192 tis!
254 3144 323 3193 Vide
354 3145 419 3195 ibid.
451 3145 585 3195 historiam
612 3158 700 3195 eorum
776 3148 898 3196 Gaetrtlum
925 3145 1097 3209 Ganymedem]
1132 3144 1278 3195 Dissimilia

165 3233 219 3270 non
231 3219 377 3273 infacetum.
741 3224 941 3289 possimjungit
966 3215 1275 3274 ironicehicadmodumt

198 3298 324 3362 61111111]
348 3299 430 3349 lisllas
438 3298 567 3348 Hostilius
578 3298 637 3349 Rex
650 3303 701 3349 ter·
740 3302 802 3352 scil.
836 3302 937 3351 Getulus
959 3291 1004 3350 ille
1024 3298 1122 3365 fuscus,
1140 3299 1274 3364 deformis,

165 3372 220 3426 tius
245 3375 418 3426 Romanorum
446 3376 558 3426 Ceosum
585 3375 701 3442 instituit
740 3395 847 3430 servus:
873 3382 1000 3429 econtra
1019 3376 1169 3442 Ganymedes
1187 3377 1273 3441 regius

164 3450 272 3516 primns,
287 3459 354 3503 teste
369 3452 512 3517 Eutropi03
530 3453 594 3503 item
610 3454 700 3503 sellam
740 3470 816 3520 puer,
833 3454 910 3504 Trois
925 3452 1003 3516 filins,
1021 3451 1155 3516 candidus,
1175 3459 1203 3504 et
1221 3460 1276 3503 tam

140 3557 142 3560 ·
164 3528 292 3590 curulem,
304 3529 418 3594 lictores,
430 3534 521 3593 ,togam
539 3521 652 3593 pictam,
664 3536 701 3579 at·
739 3532 854 3595 eleganti
869 3531 966 3595 specie,
984 3533 1014 3581 'ot
1024 3545 1040 3579 a
1049 3530 1117 3582 Jove
1129 3536 1219 3594 raptus
1236 3531 1275 3579 di·

165 3616 218 3667 que
243 3609 407 3668 praetextam,
430 3604 541 3669 insignia
564 3606 699 3668 magistra·
740 3614 857 3670 catut,et
866 3608 914 3655 sibi
923 3606 1059 3671 pocillator
1070 3612 1205 3656 assumtus.
1239 3605 1276 3654 Et
1355 3655 1357 3658 ,

165 3683 240 3730 tuum
250 3681 421 3734 Romanorum
429 3687 490 3745 post
497 3680 638 3731 debellatos
647 3683 700 3732 He·
739 3686 796 3735 hsec
805 3686 908 3751 quidem
914 3684 1073 3734 fabulatores
1083 3684 1116 3734 de
1128 3685 1277 3748 Ganymedes

165 3759 278 3805 truscos.
289 3755 410 3806 Macrob.
421 3758 525 3807 Satura.
537 3772 556 3806 1.
569 3762 594 3807 6.
741 3763 786 3812 sed
798 3762 860 3827 quid
873 3763 906 3812 de
917 3777 949 3811 eo
961 3763 1058 3811 sentire
1073 3760 1275 3825 debeant-sapi·
1381 3773 1385 3778 ’

200 3830 301 3894 Cerasus]
318 3833 401 3897 Opes,
412 3833 521 3897 divitia,
531 3832 678 3885 facultates.
740 3846 823 3900 entes,
844 3838 956 3904 quidque
975 3845 1065 3902 raptus
1093 3836 1162 3886 illius
1181 3834 1276 3899 signifi·

197 3909 333 3973 Pugnacis]
359 3910 451 3960 Tullus
472 3910 542 3960 enim
561 3903 701 3962 militarem
741 3920 795 3978 eet,
805 3913 918 3963 ostendit
929 3915 986 3963 Cio.
1003 3926 1022 3963 r.
1037 3912 1139 3962 Tuscul.
1149 3927 1175 3962 n.
1186 3915 1227 3960 66.
1243 3916 1274 3959 ct

165 3985 338 4051 disciplinam,
356 3994 492 4051 artemque
510 3988 624 4037 bellandi
642 4004 701 4038 con·
739 3981 841 4058 Tuscul.
853 4004 893 4039 iv.
905 4005 931 4040 n.
943 3993 983 4040 ti.
995 3995 1088 4052 etseq.

165 4064 251 4125 didm
269 4073 347 4129 atquc
358 4063 475 4113 exercita
486 4063 628 4128 juventute
640 4055 698 4127 pro·
773 4072 806 4117 66
822 4066 933 4130 Respice]
958 4067 1072 4116 Inuuens
1084 4068 1114 4112 nt
1124 4062 1210 4113 vinum
1224 4062 1273 4113 tibi

164 4139 701 4206 6666166666616666636666661616
740 4141 867 4192 affundat.
1276 4143 1279 4159 '

164 4216 311 4283 principem
320 4217 455 4281 populum:
465 4218 619 4286 tandemque
627 4219 701 4269 hoste
773 4208 871 4282 Nescit]
887 4219 948 4268 Non
958 4215 1080 4282 mouerit,
1091 4214 1249 4280 indignatoi.

231 4298 322 4361 Delph-
338 4302 363 4349 Ut
378 4299 433 4349 VN·
447 4298 513 4350 Clat-
701 4297 760 4350 Mt
1076 4326 1088 4343 ·
1181 4294 1207 4346 U
