3059 4925
228 272 279 342 ’88
655 287 705 340 nn
727 291 917 342 errrorem

235 439 355 516 oetatis,
368 435 538 522 praeclpue
552 437 738 514 avaritiam,
748 439 877 515 luxum,
888 436 1090 519 superbiam,
1105 437 1237 523 absque
1247 441 1338 521 vitiu,

235 540 419 605 discordias
433 537 586 625 bellaque
612 541 726 606 civilia
736 542 903 624 gignentia
922 548 956 605 et
976 542 1023 604 rei
1042 540 1188 624 publicae
1204 563 1341 610 conver·

236 644 363 708 sionem
386 643 545 707 minantia
567 643 654 727 stylo
676 643 824 707 mordaci
837 648 870 706 et
896 643 998 727 plano
1021 642 1189 722 describit,
1211 646 1342 709 insertis

236 747 362 828 possim
379 747 590 823 canuinibns,
616 746 716 812 modo
741 745 943 829 longioribus
959 746 1058 829 (inpr.
1083 745 1227 812 debello
1249 749 1343 814 civili

236 848 291 913 vel
306 848 544 913 demutatione
567 850 614 913 rei
635 850 807 932 publicae),
821 849 922 914 modo
941 850 1170 931 brevioribus3
1192 851 1279 915 unde
1295 852 1344 914 in-

237 951 404 1033 telligitur,
429 971 504 1015 eum
526 969 592 1014 non
615 951 723 1033 magis
748 948 934 1016 Varronem
956 970 1058 1034 quam
1088 951 1255 1017 Lucilium
1279 954 1344 1019 sibi

237 1052 432 1118 imitandum
445 1054 675 1137 proposuisse,
699 1057 732 1116 et
750 1071 876 1116 novum
899 1053 1035 1137 aliquod
1059 1056 1266 1141 mixtumque
1282 1056 1345 1121 Sa-

238 1157 312 1219 tirae
340 1176 441 1238 genus
473 1161 633 1220 tractasse
663 1153 723 1233 (ad
747 1153 837 1237 quod
861 1160 971 1219 tamen
993 1154 1123 1221 Juliani
1154 1177 1287 1241 qnoque
1311 1162 1345 1221 et

238 1259 372 1323 Senecae
387 1260 488 1323 libelli
507 1258 607 1322 modo
623 1255 752 1322 laudati
768 1258 912 1340 quodam
927 1258 1028 1322 modo
1046 1258 1156 1324 referri
1169 1263 1344 1343 possano:

197 1433 201 1440 f
238 1360 472 1426 Maacmnus
500 1360 655 1427 Mrnnus
681 1359 806 1424 anrx
833 1359 1012 1424 Caranus
1037 1361 1268 1427 Madaurensis
1291 1362 1347 1427 vel

238 1462 532 1546 Carthaginiensis,
554 1465 697 1548 scriptor
719 1464 977 1543 semibarbarus,
990 1466 1049 1549 qui
1063 1464 1151 1531 Saec.
1170 1483 1200 1530 r.
1217 1472 1346 1550 tempo-

237 1567 328 1630 ribus
342 1566 464 1631 Leonis
478 1566 618 1631 Thracis
633 1567 730 1644 vixit,
747 1568 782 1630 in
805 1564 913 1630 Satira
930 1588 1001 1647 sna,
1022 1570 1120 1654 cujus
1135 1568 1203 1633 dno
1217 1570 1347 1654 priores

237 1669 315 1733 libri
330 1668 555 1754 Philosophiae
570 1666 722 1733 ἀποθέωσιν
748 1671 820 1735 sive
844 1671 994 1736 fabulam
1018 1671 1060 1736 dc
1083 1673 1210 1755 nuptiis
1230 1672 1347 1744 Phun-

133 1835 138 1847 ,
237 1772 335 1855 logias
359 1779 392 1837 et
411 1772 583 1852 Mercurii,
609 1774 729 1858 reliqui
751 1769 835 1839 vero'
856 1781 981 1859 septem
1003 1776 1204 1858 singulamm
1228 1776 1393 1839 artium·
1483 1823 1487 1832 ,

238 1876 436 1955 liberalium,
460 1875 710 1956 Grammaticae‚
735 1878 947 1957 Dialecticae,
973 1877 1176 1957 Rhetoricae,
1201 1876 1348 1942 Geome-

239 1979 324 2059 triae,
338 1977 579 2060 Arithmeticae,
592 1979 829 2060 Astronomiae,
844 1987 877 2047 et
897 1981 1054 2060 Musicae,
1073 1981 1190 2045 laudes
1204 2000 1244 2044 ac
1260 1999 1349 2063 prae·

241 2089 339 2166 cepta
363 2086 547 2176 continent:
581 2082 723 2151 Anicius
757 2085 907 2151 Manlius
943 2085 1131 2169 Torquatus
1168 2083 1349 2151 Severius

240 2186 437 2251 Bonnnrus
463 2187 659 2266 consularis,
675 2188 786 2264 (natus
809 2187 930 2253 Romae
954 2207 986 2254 a.
1002 2187 1078 2253 Chr.
1099 2189 1177 2253 455.
1191 2192 1226 2251 et
1238 2185 1350 2251 securi

240 2307 421 2374 percussus
435 2309 465 2353 a.
481 2289 556 2364 524.
571 2310 645 2354 oum
662 2310 736 2356 reus
750 2290 937 2376 majestatis
950 2291 1061 2357 sactus
1075 2286 1193 2375 esset)
1206 2290 1242 2354 in
1254 2289 1350 2354 libris
1368 2289 1371 2294 ’

240 2390 424 2476 praeclaris,
449 2396 576 2455 ettam
605 2399 795 2477 argumento
828 2413 929 2480 quam
958 2395 1045 2479 stylo
1072 2393 1277 2479 conspicuis
1306 2390 1349 2456 de

241 2495 466 2559 consolatione
480 2494 718 2580 philosophiae,
734 2518 819 2582 quos
833 2499 869 2562 in
883 2518 1014 2562 carcere
1038 2499 1183 2582 scripsit,
1198 2497 1235 2561 in
1248 2514 1350 2580 quem

235 2597 334 2681 jussu
358 2596 559 2662 Theudorici
588 2598 773 2663 Gothorum
806 2600 892 2683 regis
928 2600 1097 2689 conjectus
1133 2595 1349 2665 erat—Aliae

242 2698 358 2762 Sotira
374 2695 547 2784 Menippea
561 2701 661 2766 etiam
685 2702 728 2766 ab
754 2700 832 2766 aliis
857 2706 928 2765 tum
953 2705 1026 2765 ante
1046 2707 1114 2766 tum
1128 2705 1205 2784 post
1217 2704 1350 2764 renatas

241 2801 355 2866 literas
383 2803 518 2886 scriptae
554 2807 640 2882 sunt,
670 2804 702 2869 r.
728 2823 757 2868 c.
784 2822 806 2866 a
832 2802 870 2868 P.
898 2801 1054 2880 Ounno,
1082 2801 1172 2867 JCto
1203 2802 1351 2879 Batava*

200 2904 209 2922 ‘
242 2908 253 2937 ‘
268 2903 365 2970 Sardi
378 2904 524 2970 Venales
539 2923 599 2972 seu
614 2904 726 2970 Satira
746 2903 930 2989 Menippea
943 2905 1044 2968 insui
1064 2904 1182 2968 saeculi
1200 2900 1350 2968 homines

240 3009 348 3092 inepte
369 3007 529 3089 eruditos3
562 3029 583 3074 a
606 3007 727 3074 Jusno
748 3008 877 3073 Lmsro
904 3006 1077 3071 Somnium
1100 3025 1129 3070 s.
1149 3004 1261 3070 Satira
1276 3003 1351 3075 Me-

242 3111 368 3194 nippea
394 3113 431 3176 in
458 3111 592 3177 criticos
620 3114 653 3175 et
677 3110 797 3195 poetas
823 3109 981 3189 inscitus3
1010 3128 1032 3171 a
1056 3107 1156 3173 Dra.
1182 3107 1349 3172 Hnmsro

245 3211 411 3277 Hercules
431 3217 524 3277 tuam
544 3210 654 3290 fidem,
677 3212 750 3277 sive
776 3210 970 3276 Mnnsterus
990 3210 1285 3295 Hypobolimaeus,
1313 3208 1352 3272 id

244 3319 295 3380 est
320 3312 432 3378 Satira
460 3312 643 3399 Menippea
668 3313 709 3381 de
736 3314 819 3394 vita,
845 3314 981 3398 origine,
1010 3317 1044 3380 et
1067 3303 1215 3379 moribus
1244 3310 1350 3395 Casp.

246 3412 420 3503 Scioppii.’

742 3595 854 3651 Nom

243 3715 370 3782 appellari
391 3714 513 3781 malebat,
533 3719 564 3764 nt
585 3714 675 3766 Ovidii
696 3713 777 3764 Meta·
817 3725 890 3761 suem
900 3708 975 3760 noble
986 3719 1147 3774 persuasere,
1158 3705 1203 3771 qul
1217 3710 1351 3756 auctorem

168 3776 171 3789 ¹
243 3792 404 3858 morphoserir,
414 3792 513 3858 Hygini
532 3790 777 3843 Po‘e'ticirrrlstruao·
816 3787 918 3837 illorum
936 3786 977 3836 vel
998 3782 1110 3846 Claudii,
1127 3782 1172 3831 vel
1188 3781 1291 3845 Severi,
1308 3780 1352 3830 vel

243 3871 331 3934 acer,
345 3870 475 3935 Fulgentii
492 3871 680 3936 Myrtougicer,
695 3868 778 3919 solini
817 3865 1006 3918 Antoninorum
1027 3869 1107 3913 aetate
1134 3860 1230 3937 risisse
1252 3857 1352 3924 opinati

244 3949 372 4012 Ponticis,
383 3953 435 3998 cet.
459 3948 554 3997 Eorum
566 3961 628 3997 uero
642 3959 778 4010 argumen·
817 3949 886 3994 sunt.
919 3942 997 3993 Prius
1014 3939 1230 4001 P.·Burmannus,
1241 3939 1354 3988 alternus

245 4032 301 4075 tum
321 4025 399 4091 plane
425 4023 546 4074 convenit
567 4031 595 4073 et
616 4021 776 4089 temporibus
816 4022 945 4088 Statilius,
955 4027 983 4074 et
994 4020 1122 4088 posterius
1134 4016 1232 4070 valesii
1247 4016 1352 4067 conten·

244 4101 400 4152 Neronianis
427 4106 456 4151 et
480 4099 586 4167 iugenio
613 4098 776 4164 moribusque
816 4099 921 4151 derunt.

245 4177 313 4228 illius
341 4176 475 4239 Petronii3
506 4190 592 4244 neque
619 4176 775 4229 senteutiam
