3059 4925
620 418 672 472 tn
695 413 776 473 sur.
797 410 852 472 iv.
1221 401 1291 478 Q&

198 580 208 595 ··
225 558 291 631 Vs.
305 560 362 631 97.
398 562 515 631 'Vetas
527 564 678 632 scholion
690 573 742 632 est
755 568 839 633 boc:
874 564 1175 654 ‘Antbypopho‘ra
1190 570 1288 654 quusi

183 666 359 753 Crispinus
377 667 442 733 hoc
456 666 662 752 responderit
672 691 685 737 t,
704 667 798 749 Quid
810 670 892 735 mibi
906 670 1062 736 invidesl
1086 670 1214 756 Apulia
1225 686 1289 736 cna

180 772 251 838 iios
274 773 372 858 (torte
395 768 514 856 carius)
535 792 634 856 agros
657 772 783 851 vendit,
807 779 845 839 nt
868 775 1012 859 majores
1035 776 1146 859 pisces
1159 776 1285 855 vendit,

181 894 267 960 quos
281 882 317 940 tu
331 875 592 958 provincialibus
607 878 708 958 gratis
722 877 896 943 abstulisti.
949 876 993 941 Et
1007 878 1132 943 ironia:
1154 877 1287 963 majores

182 974 304 1062 Apulia
320 975 436 1043 vendit.
480 974 751 1063 Amphibulogia,
764 986 873 1045 utrum
891 1002 983 1068 agros
1005 1001 1047 1045 an
1069 977 1205 1047 stallos?
1232 980 1289 1047 vel

179 1098 243 1165 per
254 1080 477 1165 anastrophen
490 1081 717 1164 postpositum
731 1082 1007 1148 sit.’—Ferrarius
1022 1083 1056 1147 iu
1068 1082 1173 1147 Elect.
1190 1099 1216 1147 1.
1232 1083 1286 1149 18.

181 1182 310 1268 majoris
322 1183 404 1265 legit
418 1188 531 1248 canna
544 1183 638 1247 metri
652 1183 753 1266 leges,
768 1190 802 1250 ct
814 1204 988 1270 perperam
1002 1183 1089 1250 hunc
1110 1185 1223 1250 locum
1236 1185 1288 1250 ita

162 1287 432 1370 interpretatur:
455 1290 466 1320 ‘
483 1283 605 1369 Apulia
618 1286 674 1351 hic
688 1306 756 1352 non
769 1293 822 1354 est
835 1290 978 1372 regionis
992 1306 1122 1367 nomen,
1141 1288 1199 1354 sed
1213 1307 1286 1351 mu·

178 1390 271 1456 lieris
284 1389 474 1474 praedivitis
488 1391 591 1469 orbae,
614 1410 690 1475 quae
716 1391 857 1458 donatos
881 1414 903 1458 a
925 1392 1152 1476 captatoribus
1173 1390 1287 1474 pisces

181 1495 293 1559 carius
306 1494 491 1559 vendebat:
524 1493 608 1558 duos
629 1495 717 1558 enim
737 1494 794 1559 bic
817 1495 859 1560 de
882 1515 973 1560 more
986 1494 1171 1578 perstringit
1183 1492 1287 1558 Juve-

180 1588 279 1675 balis,
296 1594 487 1680 Crispinum,
503 1598 561 1680 qui
577 1597 724 1662 millibus
743 1618 806 1664 sex
823 1597 863 1684 (i.
879 1619 910 1663 e.
925 1615 982 1662 cu.
999 1592 1183 1680 coronatis)
1200 1596 1286 1660 mul-

178 1700 248 1765 lum
262 1705 395 1778 ernust,
405 1706 438 1765 et
449 1697 613 1784 Apuliam,
625 1720 702 1784 quae
713 1700 848 1766 hamata
855 1699 1131 1783 baeredipetarum
1138 1717 1286 1777 munera,

179 1800 263 1866 inter
276 1821 353 1886 quae
373 1800 446 1885 jure
459 1801 554 1866 mulli
578 1807 654 1867 tunc
679 1803 772 1869 fuere
794 1801 1041 1886 pretiosissimi,
1055 1800 1193 1885 majoris
1206 1820 1287 1866 ven-

179 1902 290 1968 debat,
339 1902 393 1968 cf.
408 1889 466 1968 ini}
481 1920 533 1968 v1.
548 1904 603 1969 39.
616 1905 671 1968 49.
689 1909 723 1967 et
737 1905 825 1988 inpr.
835 1921 869 1967 v.
884 1904 939 1969 97.
953 1903 1008 1968 98.
1022 1902 1081 1967 ubi
1095 1902 1137 1967 de
1150 1898 1287 1965 Aurelia

178 2004 289 2071 sermo
303 2011 364 2087 est,
388 2007 478 2091 quod
491 2026 612 2071 nomen
626 2013 660 2072 et
672 2007 705 2072 b.
719 2008 744 2073 1.
758 2007 914 2072 fidentius
928 2025 1096 2091 ponerem,
1119 2004 1153 2069 si
1174 2003 1284 2072 codex

177 2126 281 2174 manu
294 2116 453 2175 exaratus
476 2109 519 2174 ad
540 2128 657 2174 manus
674 2115 772 2188 esset,
788 2116 825 2175 ut
847 2112 910 2175 sit:
932 2105 984 2171 md
1004 2105 1132 2191 umjorir
1150 2105 1285 2175 Aurelia

177 2210 305 2275 vendit!
349 2212 406 2277 Sic
421 2214 522 2278 etiam
541 2214 637 2277 multi
661 2214 854 2299 interpretes
868 2208 1021 2297 Apuliam
1034 2215 1192 2295 putarunt
1211 2225 1285 2274 mu·

177 2313 267 2379 lieris
285 2335 407 2380 nomen
429 2335 503 2380 esse
518 2337 575 2400 ap.
588 2314 707 2383 Horat.
723 2316 790 2382 Od.
807 2334 863 2382 111.
878 2318 911 2381 4.
928 2303 987 2381 10.
1009 2313 1068 2380 ubi
1081 2334 1115 2379 v.
1130 2313 1285 2380 Bentl—

179 2416 320 2483 Rectins
343 2424 487 2484 mentem
510 2417 687 2485 luvenalis
710 2421 902 2505 percepisse
926 2417 1057 2485 videtur
1082 2415 1284 2496 Herminius,

179 2515 326 2603 quibam
342 2522 491 2587 notaui:
524 2520 649 2587 ‘Justa
671 2523 892 2607 indignatione
915 2522 1062 2605 exagitat
1083 2521 1153 2604 agri
1177 2521 1286 2605 pretio

177 2623 307 2708 piscem
321 2629 456 2703 emtum,
470 2623 547 2689 cum
562 2646 624 2689 sex
638 2626 785 2691 millibus
800 2634 895 2692 extra
907 2626 1042 2692 Italiam
1054 2626 1092 2689 in
1102 2624 1283 2708 provinciis

178 2745 257 2809 ager
269 2727 335 2791 emi
349 2728 504 2810 potuerit,
518 2727 587 2791 imo
610 2748 686 2794 cum
708 2736 744 2794 et
763 2731 797 2794 in
819 2728 1028 2813 ipsaItalia,
1047 2728 1083 2792 in
1103 2728 1203 2792 iertili
1224 2725 1288 2789 illa

177 2828 316 2914 Apulia,
337 2830 467 2916 majores
482 2829 555 2917 agri
569 2851 669 2915 quam
683 2833 718 2896 in
731 2832 916 2915 provinciis
933 2832 1078 2897 venirent
1090 2848 1194 2913 eopse
1207 2848 1283 2912 pre·

177 2932 246 2999 tio:
278 2932 412 3017 oblique
426 2952 504 3000 vero
522 2939 618 3001 taxat
638 2935 824 3014 Romanos,
847 2935 906 3018 qui
920 2952 1027 3016 usque
1042 2932 1127 2996 adeo
1141 2931 1184 2995 ab
1197 2931 1282 2996 anti·

177 3053 249 3119 qua
273 3033 462 3117 frugalitate
485 3035 695 3115 desciverint,
721 3044 759 3102 ut
785 3056 907 3121 susque
933 3036 1040 3120 deque
1068 3035 1184 3099 habita
1209 3032 1281 3118 agri

168 3131 307 3203 'colendi
320 3140 457 3218 ratione,
477 3160 549 3222 prae
561 3141 663 3205 nimio
677 3142 763 3224 gulae
777 3141 860 3205 luxu
871 3138 984 3224 piscem
997 3138 1109 3222 potius
1124 3141 1280 3216 emerent,

176 3241 274 3327 cujus
289 3239 433 3323 singulas
445 3241 558 3321 libras,
575 3243 719 3308 simodo
733 3243 920 3309 adulatoria
936 3242 1082 3307 vanitate
1095 3239 1137 3304 de
1151 3239 1281 3323 magnis

175 3344 304 3429 majora
317 3362 382 3408 non
395 3344 513 3409 fuerint
526 3346 625 3426 dicta,
640 3348 849 3413 venientibus
872 3347 973 3411 etiam
995 3345 1031 3409 in
1052 3344 1208 3429 ponderis
1229 3362 1283 3407 ra·

68 3535 71 3542 r
175 3446 297 3514 tionem
311 3447 458 3531 squamis,
481 3454 514 3514 et
537 3449 778 3516 interaneorum
800 3450 1006 3535 rejectaneiS,
1028 3446 1169 3529 singulis
1182 3446 1283 3511 milli·

174 3548 240 3614 bus
259 3556 443 3633 pensarent,
460 3571 559 3634 quam
581 3558 619 3618 ut
641 3573 681 3619 eo
702 3556 809 3639 pretio
827 3572 941 3636 agrum
956 3550 1023 3616 sibi
1042 3553 1279 3633 compararent.

177 3648 497 3722 cf.001um.Praef.
521 3654 565 3718 ad
587 3656 646 3720 lib.
670 3656 712 3720 de
726 3656 771 3721 R.
787 3655 832 3720 R.
885 3653 1004 3719 Obiter
1025 3654 1124 3717 etiam
1147 3651 1282 3717 vellicat

176 3754 359 3838 superbum
371 3754 454 3819 illud
468 3755 686 3822 delicatorum
706 3763 864 3842 nepotum
884 3758 985 3841 patrii
1008 3756 1072 3822 soli
1095 3753 1279 3831 fastidium,

177 3856 316 3943 quinon
330 3856 526 3922 dubitabant
537 3857 641 3942 pluris
654 3880 760 3925 emere
775 3880 872 3944 agros
886 3863 921 3925 in
931 3857 1114 3944 provinciis,
1128 3876 1229 3942 quam
1243 3858 1281 3919 ut

177 3958 307 4046 majores
320 3958 560 4045 fertilioresque
582 3964 697 4027 ecdem
717 3964 823 4048 pretio
840 3963 873 4027 in
897 3965 974 4048 ipsa
996 3962 1108 4038 ltalia,
1120 3956 1164 4023 'in
1181 3954 1281 4022 fertili

143 4091 146 4095 ’
177 4063 236 4132 illa
256 4060 392 4148 Apulia,
405 4064 470 4128 sibi
483 4072 721 4150 compararent.
766 4066 957 4149 legendum
970 4084 1048 4148 ergo
1063 4081 1165 4127 sensu
1178 4060 1280 4143 plano

177 4170 211 4231 et
233 4166 353 4231 obvio:
387 4162 559 4231 Provincia
574 4170 658 4233 tanti
678 4164 790 4233 Vendit
806 4190 919 4256 agros:
951 4177 981 4231 et
1004 4165 1134 4252 majores
1157 4158 1280 4247 Apulia

177 4266 291 4333 arradit.
335 4268 459 4354 Tangit
473 4272 573 4338 etiam
586 4273 692 4339 obiter
706 4268 918 4358 Appulorum
931 4270 1053 4356 gulam
1080 4267 1134 4333 cui
1157 4271 1194 4333 ut
1218 4265 1278 4330 ob·
