3059 4925
239 343 328 437 174Ν
503 360 511 367 ”
643 388 647 393 ·
692 382 891 433 excursus

239 529 437 614 terpretandi
458 529 616 593 rationem
630 527 808 613 proponit:
832 522 949 589 ‘Poue
971 524 1127 603 nobilem,
1148 529 1187 588 ut
1209 523 1345 607 Tigelli-

239 652 337 715 num3
359 632 449 717 quod
463 633 528 696 uisi
542 632 659 708 iacias,
680 632 715 694 in
735 649 850 712 rogum
872 647 996 710 corpus
1017 635 1111 692 tuum
1131 627 1286 706 mittetur,
1308 627 1346 689 in

241 755 310 817 quo
329 755 395 799 nou
417 736 566 819 Jacentia
592 753 746 817 corpora,
770 732 831 796 sed
857 730 900 795 ad
927 730 1090 813 lignorum
1108 730 1346 812 parsimoniam

240 839 365 902 stantia
378 842 564 904 exuuntur.
596 835 695 899 Unde
710 839 829 918 putant
844 834 931 898 dici:
955 844 983 896 et
998 831 1096 896 lutum
1113 829 1213 894 media
1228 828 1346 893 sedeum

240 937 361 1002 deducit
376 961 493 1014 ureuu;
517 939 606 1022 quod
622 957 742 1022 parcus
756 943 848 1001 ustor
863 935 986 1000 subditi
999 935 1079 1018 ligni
1095 937 1211 1019 inopia
1226 934 1347 998 scrobe

239 1042 403 1108 subterra
423 1043 513 1106 facto
529 1043 702 1118 subcavet,
724 1048 762 1107 ut
782 1040 894 1104 ardere
908 1037 1267 1124 possit.'-Faruahius
1282 1030 1349 1097 sui·

240 1164 307 1208 cum
321 1146 511 1229 accipiebat
524 1143 565 1208 de
590 1144 720 1218 scrobe,
743 1143 787 1207 ad
812 1143 905 1207 necis
928 1141 1058 1206 adactae
1075 1141 1129 1204 vel
1151 1145 1346 1222 spontaneae

239 1250 468 1315 necessitatem
496 1246 639 1311 redactis
668 1246 723 1310 vel
753 1246 795 1309 ab
820 1245 896 1309 aliis
919 1245 973 1310 vel
996 1243 1039 1307 ab
1064 1243 1148 1326 ipsis
1162 1244 1350 1326 praeparari

241 1353 351 1429 solita,
375 1351 457 1416 iortc
480 1350 523 1414 ad
549 1348 739 1413 evitandum
763 1367 881 1412 casum
900 1344 1052 1429 ἀσχήμονα
1072 1347 1107 1409 in
1128 1346 1207 1429 ipsa
1220 1350 1349 1425 morte3

241 1473 308 1538 quo
326 1452 489 1516 rescrebat
512 1450 597 1515 Tac.
612 1447 700 1514 Arm.
716 1467 782 1517 xv,
797 1451 853 1516 67.
892 1449 1082 1513 Philostrat.
1105 1449 1165 1512 vit.
1185 1443 1350 1530 Apollon.

240 1572 275 1633 ν.
286 1552 319 1621 8.
339 1551 487 1636 Appiau.
500 1552 534 1615 b.
550 1549 624 1616 Cir.
640 1568 691 1614 ιν.
706 1555 739 1614 et
753 1551 843 1616 Suet.
853 1548 1000 1615 Ner549.
1037 1548 1112 1614 ent.
1127 1555 1238 1614 tamen
1250 1547 1352 1629 Lips.

241 1661 276 1721 et
288 1654 421 1719 Ernesti
435 1655 479 1718 ad
497 1653 581 1718 Tac.
597 1652 685 1717 Ann.
703 1671 727 1716 1.
741 1653 978 1718 61.-Flavius
991 1653 1027 1716 in
1041 1652 1234 1738 Coujectan.
1250 1646 1352 1715 Ceut.

243 1776 267 1822 ι.
284 1776 395 1822 versus
416 1755 675 1840 transponendos
694 1753 984 1837 emendandosque
994 1754 1134 1839 putabat
1147 1753 1212 1817 hoc
1224 1749 1354 1817 modoz

230 1857 377 1946 fumant.
417 1855 483 1925 Qui
507 1855 783 1940 dedit—despiciat
809 1878 874 1934 etos,
904 1854 948 1919 Et
978 1854 1076 1919 lutum
1101 1853 1202 1919 medio
1226 1852 1353 1919 sulcum

241 1959 373 2025 deducat
388 1982 496 2025 ureuo.
543 1959 637 2024 Idem
652 1965 686 2029 et
699 1959 796 2023 uobis
822 1959 1000 2041 aliquando
1029 1960 1065 2022 in
1088 1964 1229 2022 mentem
1245 1957 1356 2034 venit,
1460 1963 1463 1969 '

240 2064 299 2131 sed
321 2084 407 2127 nunc
434 2065 542 2128 minus
568 2061 792 2126 arridet-Is.
806 2061 956 2126 Vossius
980 2061 1024 2125 ad
1050 2059 1171 2124 Catull.
1185 2080 1219 2143 p.
1234 2079 1279 2124 m.
1293 2059 1355 2124 42.

241 2187 318 2234 cum
331 2164 496 2231 Ascensio
509 2161 622 2248 sumat
639 2165 703 2247 legi
719 2164 876 2241 malebat,
901 2164 1036 2248 ejusque
1064 2163 1224 2227 sententia
1244 2160 1268 2226 J
1270 2179 1355 2224 uve·

240 2269 328 2332 nalis
355 2268 453 2345 dixit,
477 2268 521 2330 ab
550 2268 685 2331 incensa
706 2268 820 2332 tunica
842 2269 984 2353 molesta
1006 2272 1130 2330 tantam
1156 2262 1354 2345 liquefactae

241 2369 339 2434 taedae
363 2389 423 2434 seu
445 2371 533 2453 picis
556 2368 736 2433 defluxisse
750 2371 896 2454 copiam,
919 2375 958 2435 ut
972 2366 1054 2431 lutus
1068 2367 1169 2431 etiam
1192 2364 1226 2428 iu
1245 2361 1355 2429 medic

241 2493 338 2536 areum
354 2470 551 2535 deduceretur
566 2469 677 2549 sulcus,
698 2477 732 2536 et
754 2473 870 2536 ardens
881 2474 978 2557 quasi
996 2460 1189 2535 formaretur
1202 2468 1358 2532 rivus-t

242 2569 379 2659 Lipsius
392 2573 436 2638 ad
451 2572 568 2638 Senee.
584 2573 625 2636 de
648 2575 698 2637 ira
715 2590 771 2636 ιιι.
786 2575 818 2638 3.
832 2579 917 2638 extr.
937 2595 981 2638 ex
1000 2577 1066 2639 vet.
1081 2571 1155 2637 cod.
1174 2568 1356 2651 legendum
1412 2635 1416 2640 ,

242 2678 407 2754 censebat,
440 2672 481 2738 Et
498 2671 580 2738 lutus
598 2674 729 2739 medium
743 2675 844 2739 sulcus
859 2673 975 2740 diducit
991 2696 1130 2751 arenam,
1158 2672 1249 2756 quod
1269 2691 1358 2755 pro·
1378 2682 1382 2688 '

241 2782 362 2845 baruut
376 2778 526 2859 Scaliger
540 2777 677 2841 Emend.
692 2777 810 2860 Temp.
824 2777 847 2841 l.
860 2798 893 2841 v.
909 2784 942 2842 et
953 2777 1125 2842 Ferrarius
1139 2774 1244 2839 Elect-
1261 2790 1303 2842 ιι.
1319 2775 1358 2846 7.

241 2882 298 2966 qui
313 2900 426 2944 omnes
439 2877 556 2941 arricum
573 2878 762 2943 intellexere
788 2879 829 2943 de
854 2879 948 2943 fossa
966 2880 1000 2942 iu
1021 2879 1135 2944 media
1148 2896 1257 2953 arena,
1281 2895 1357 2959 qua

241 2983 312 3049 vivi
326 2981 463 3047 cremati
478 2981 546 3046 sint
558 2981 682 3046 defossi
696 2982 788 3046 etad
802 2984 916 3066 palum
930 2980 1152 3047 defixi-Vir
1171 2980 1291 3044 doctus
1315 2979 1357 3046 in

243 3084 386 3150 Miscell.
402 3083 504 3148 Obss.
518 3084 589 3147 crit.
603 3083 683 3148 Vol.
700 3102 735 3146 v.
750 3084 793 3148 Τ.
810 3101 850 3147 ιι.
865 3106 899 3168 p.
914 3084 991 3149 Qoe,
1008 3083 1211 3165 corrigebat:
1238 3076 1284 3141 Et
1301 3078 1358 3144 lu-

243 3196 310 3250 tum
323 3183 425 3247 media
444 3183 561 3247 sulcum
580 3185 718 3272 signabis
733 3186 928 3250 aretia—Iu
953 3186 1031 3251 edit.
1046 3185 1224 3249 variorum
1238 3179 1357 3248 Amet.

241 3286 339 3352 1684.
360 3287 434 3350 haec
459 3288 622 3370 reperitur
645 3294 743 3352 nota:
782 3288 820 3352 Si
842 3309 902 3372 per
925 3288 1132 3372 parenthesin
1160 3286 1357 3350 inserantur

241 3389 357 3466 verba,
382 3387 454 3455 Qua
470 3386 766 3473 stantes-fument,
791 3409 905 3453 sensus
920 3391 982 3454 erit
1001 3390 1192 3465 concinnus,
1217 3383 1357 3451 Mettis

242 3488 276 3554 iu
291 3487 350 3552 illu
366 3488 458 3569 teda,
483 3500 512 3553 et
523 3489 623 3558 media
639 3512 745 3567 creua,
770 3511 830 3575 per
846 3510 948 3574 quam
962 3497 998 3555 tn
1018 3491 1121 3555 curris
1137 3489 1215 3573 palo
1229 3488 1356 3570 alliga-

242 3596 307 3674 tus,
326 3593 390 3669 vel,
414 3613 587 3676 perquam
607 3614 729 3676 corpus
743 3602 837 3662 tuum
852 3594 988 3660 trahitur
1003 3590 1275 3667 comburendum,
1297 3588 1356 3655 de-

242 3690 327 3754 ducit
338 3699 401 3755 *seu
416 3691 553 3771 deducet,
577 3692 696 3779 (immo
712 3693 834 3757 diducet
857 3696 881 3759 i.
896 3716 927 3759 e.
941 3694 1132 3779 patefaciet,
1153 3693 1357 3761 monstrabit

243 3793 343 3860 lutum
357 3792 496 3858 sulcum:
517 3816 578 3861 nec
592 3799 715 3875 obstat,
730 3795 825 3880 quod
835 3798 954 3862 ultima
969 3797 1043 3881 syll.
1054 3816 1128 3862 voc.
1140 3791 1241 3858 medio
1256 3812 1354 3862 nom.

233 3917 311 3967 icas.
326 3900 370 3962 sit
383 3897 513 3979 brevis;
542 3919 619 3968 nam
631 3886 703 3982 per
715 3900 985 3985 penthemimerin
1000 3899 1111 3963 brevis
1125 3903 1176 3961 cst
1188 3895 1355 3981 producta

241 3997 385 4066 licenter.
430 4000 472 4064 Id
486 4002 643 4084 exemplo
657 4000 751 4083 Virg.
768 4000 845 4065 AEu.
862 4018 919 4064 ιιι.
932 4000 1013 4066 464.
1035 3999 1177 4064 firmavit
1201 3995 1355 4062 Beekius

243 4099 278 4165 in
292 4101 393 4167 Obss.
406 4103 522 4186 philol.
544 4103 580 4166 in
600 4102 673 4166 Sat.
694 4101 816 4167 Juven.
832 4102 916 4167 duas
930 4104 1058 4185 priores
1072 4097 1224 4186 (Altonii
1237 4097 1356 4178 1732.)

243 4223 278 4292 p.
291 4205 326 4269 9.
338 4207 399 4280 ubi
411 4206 498 4271 huuc
519 4205 726 4272 existimavit
747 4204 923 4273 verborum
947 4202 1096 4272 ordinem
1115 4218 1250 4268 esseae
1272 4219 1353 4267 sen-
