3059 4925
249 358 318 427 362
371 436 374 452 ι
712 372 913 423 excursus

250 538 350 605 quam
365 538 434 584 vox
446 518 537 603 galli,
553 515 709 602 gallinam
723 515 915 597 mordentis,
935 519 969 583 h.
985 537 1015 582 e.
1041 517 1071 582 si
1093 516 1249 602 gallinam
1270 538 1356 585 mor·

249 624 326 705 det3
356 624 536 689 tamenim
561 622 649 687 ultra
673 622 761 687 vires
784 641 900 704 urgere
929 623 1015 688 solet
1040 639 1160 687 vocem
1184 622 1356 708 aeriusque

248 725 426 792 intendere.
470 723 590 790 Possis
604 726 703 790 etiam
718 725 831 809 simpl.
846 725 1071 809 interpretari:
1091 727 1228 790 miratur
1241 745 1358 791 vocem

250 827 373 893 exilem
386 827 439 893 vel
453 844 603 905 raucam,
620 846 696 911 quse
711 844 779 891 nou
792 828 900 892 minus
911 829 1041 911 ingrata
1054 833 1116 907 est,
1129 846 1170 892 ac
1181 847 1249 894 vox
1263 827 1357 910 galli·

118 1000 122 1005 .
249 930 356 996 naoei.
398 922 486 995 Tum
499 930 620 1009 verbis,
639 928 782 1008 moritus,
798 927 860 1009 cui,
874 931 928 996 vel
942 952 962 994 a
976 952 1038 1017 quo
1049 927 1175 1018 gallina
1190 927 1356 1009 mordetur,

250 1032 456 1117 periphrasis
471 1033 687 1098 contineretur
706 1031 799 1114 galli,
813 1038 851 1097 ut
872 1052 1049 1117 caprarum
1071 1034 1182 1098 verbis
1209 1031 1357 1111 Horatii,

249 1134 358 1199 olentis
384 1156 492 1200 uxores
519 1133 641 1214 meriti,
668 1132 735 1200 Od.
764 1136 866 1200 1.17.
889 1136 921 1200 7.
947 1135 1005 1200 ubi
1027 1156 1062 1201 v.
1082 1134 1175 1212 sant,
1201 1136 1260 1219 qui
1282 1135 1357 1200 coll.

249 1236 390 1303 Theocr.
407 1253 462 1302 rx.
477 1238 531 1302 49.
555 1236 653 1319 Virg.
674 1235 747 1302 Eel.
770 1253 835 1300 vrr.
850 1238 882 1303 7.
902 1242 936 1302 et
961 1236 1025 1302 Ge.
1051 1254 1107 1301 ιιι.
1132 1237 1208 1302 125.
1234 1241 1357 1317 monet,

248 1340 333 1405 hane
348 1341 555 1426 periphrasin
567 1358 632 1405 non
645 1340 811 1422 languere,
837 1338 896 1406 sed
916 1339 1118 1431 exquisitam
1138 1357 1180 1403 ae
1203 1337 1357 1403 festivam

249 1461 334 1523 esse,
349 1464 426 1528 quae
447 1443 586 1509 latinum
609 1461 792 1508 sermonem
816 1441 988 1528 poeticum
1009 1441 1156 1507 mirifice·
1172 1440 1304 1520 deceat,
1323 1441 1357 1506 in

249 1545 318 1611 alio
337 1548 459 1623 autem,
476 1546 663 1630 nostrisque
691 1545 906 1629 temporibus,
927 1545 1036 1611 minus
1060 1545 1176 1628 gratiae
1203 1544 1358 1609 habitura

249 1650 303 1714 sit.
348 1648 414 1714 Illa
427 1655 537 1714 tamen
553 1649 640 1714 ratio
663 1649 740 1714 huie
762 1648 981 1714 anteferenda.
1019 1647 1171 1713 Ceterum
1190 1648 1273 1711 bene
1287 1646 1319 1710 b.
1333 1645 1356 1710 lr

249 1759 460 1837 comparatur
484 1754 579 1819 locus
605 1751 746 1832 Quintil.
774 1751 857 1818 [nst.
883 1769 939 1817 xr.
962 1754 994 1818 3.
1026 1751 1133 1816 ‘Vox
1157 1750 1247 1816 ultra
1270 1751 1357 1823 eires

248 1853 393 1939 urgenda
415 1875 482 1920 non
507 1862 575 1922 este
607 1875 684 1921 nam
708 1862 742 1921 et
764 1855 930 1922 suffocata
958 1875 1054 1940 saepe
1076 1859 1111 1919 et
1133 1854 1260 1941 majore
1282 1854 1357 1917 nisu

248 1958 357 2025 minus
377 1959 469 2023 clara
492 1964 555 2038 est,
579 1965 613 2024 et
634 1960 761 2025 interim
784 1960 869 2024 elisa
889 1960 925 2023 in
949 1959 1044 2023 illum
1068 1978 1184 2024 sonum
1201 1958 1356 2041 erumpit,

250 2061 305 2126 cui
321 2059 435 2128 Graeci
448 2062 587 2146 κλωγμὸν
598 2081 717 2129 nomen
731 2084 754 2129 a
768 2064 930 2147 gallorum
945 2064 992 2147 [et
1005 2061 1229 2148 graculorum]
1242 2061 1357 2125 imma·

248 2166 322 2227 turo
336 2168 438 2229 eantu
452 2164 636 2231 dederunt?

293 2267 452 2334 Platbner
473 2269 548 2336 baee
570 2270 761 2337 annotavit:
786 2268 1008 2337 ‘Abstrusius
1032 2269 1115 2355 quid
1139 2267 1277 2354 politam
1297 2288 1356 2333 no-
1497 2344 1499 2347 .

249 2377 350 2450 tasse,
363 2372 579 2439 fidentissime
593 2373 654 2438 tibi
667 2380 806 2458 praesto.
850 2374 978 2440 Notum
999 2380 1062 2453 est,
1085 2372 1227 2458 Cybeles
1250 2391 1357 2438 saeer-

250 2471 345 2539 dotes
362 2470 475 2539 Gallos
488 2478 614 2542 vocari.
649 2476 733 2543 Erat
747 2484 859 2543 autem
875 2480 939 2544 boc
955 2478 1122 2543 hominum
1140 2494 1245 2558 genus
1258 2476 1358 2540 lasei-
1442 2552 1446 2560 Ι

248 2596 340 2656 vum,
354 2583 389 2644 et
401 2583 529 2645 tantum
551 2599 619 2645 non
644 2581 680 2646 in
701 2582 786 2666 ipsis
808 2582 945 2667 templis
970 2581 1144 2646 muliebria
1161 2579 1357 2666 patiebatur.

249 2678 319 2744 Sed
332 2682 480 2767 plerique
494 2683 593 2749 etiam
607 2684 780 2751 testiculos
803 2686 973 2771 ponebant
988 2684 1137 2762 bilibres,
1158 2681 1208 2769 (v.
1230 2682 1290 2748 ini.
1307 2700 1356 2747 vr.

248 2783 324 2849 371.
347 2781 442 2869 sqq.)
463 2791 497 2852 et
519 2786 659 2854 lascivae
687 2788 843 2855 mulieres
866 2807 982 2854 eorum
1006 2786 1187 2853 concubitu
1210 2786 1357 2851 maxime

250 2886 509 2969 delectabantur,
533 2890 628 2974 quod
652 2909 720 2956 non
741 2892 930 2976 gignebant
956 2894 1002 2971 (v.
1025 2889 1083 2957 int.
1108 2906 1159 2955 vr.
1178 2889 1254 2956 366.
1269 2892 1357 2973 sqq.)

197 3049 201 3054 ⁴
248 2986 451 3057 Alterutrum
466 2991 592 3060 Noster
604 2996 723 3079 tetigit,
737 2996 847 3079 tetigit
858 3000 978 3061 tamen.
1024 2993 1117 3059 Nam
1135 2992 1239 3078 priori
1258 2991 1357 3057 modo

249 3093 383 3158 satirico
394 3090 549 3181 gallinam
563 3102 663 3162 vocat
677 3097 831 3181 Gallum'3
851 3097 1027 3184 posteriori
1042 3115 1133 3175 vero,
1149 3094 1239 3180 quod
1249 3095 1357 3179 magis

248 3192 392 3274 videtur,
418 3194 545 3282 gallina
567 3200 629 3265 erit
650 3199 810 3281 adultera,
833 3221 910 3286 quae
930 3221 1006 3266 cum
1029 3198 1193 3284 Cybelioo
1217 3198 1358 3265 solebat.

249 3292 344 3361 Nam
364 3301 399 3362 et
421 3297 532 3365 Gallis
554 3301 631 3368 istis
653 3320 725 3367 vox
747 3303 868 3384 exilis3
891 3306 936 3384 (v.
952 3322 1029 3387 sup.
1045 3319 1085 3367 rr.
1108 3302 1195 3379 111.)
1212 3319 1312 3386 porro
1325 3304 1359 3365 et

248 3394 411 3463 mrdendi
432 3403 572 3468 verbum
594 3404 645 3469 sio
671 3405 898 3489 aptissimum:
920 3412 1008 3473 notae
1027 3405 1153 3490 quippe
1177 3405 1358 3472 amantium

248 3499 456 3568 blandientes
477 3505 709 3575 morsiunculee
727 3527 773 3573 ex
792 3508 895 3594 Prop.
912 3526 961 3574 w.
976 3510 1009 3575 3.
1023 3510 1078 3575 25.
1092 3512 1124 3574 ὁ.
1139 3508 1193 3574 39.
1209 3510 1243 3572 et
1259 3506 1359 3574 ovid
1438 3510 1442 3524 '

248 3600 327 3669 Am.
343 3619 367 3669 1.
383 3604 417 3671 8.
432 3605 497 3673 98!
533 3606 587 3675 Cf.
606 3609 687 3675 Jaui
710 3610 755 3676 ad
781 3611 905 3678 Horat.
930 3612 995 3678 Od.
1016 3629 1041 3678 r.
1062 3611 1184 3678 1312.
1229 3608 1358 3676 Vereor

248 3708 371 3787 umen,
393 3725 435 3773 ne
458 3709 570 3793 polita
592 3711 643 3776 sic
667 3713 895 3795 obtrudantur,
910 3734 987 3800 quae
1008 3714 1077 3799 ipsi
1090 3732 1157 3777 non
1169 3715 1356 3779 inmentem

248 3823 384 3893 venerer
406 3812 470 3876 etsi
484 3812 653 3897 ingeniosa
672 3819 758 3880 certe
778 3816 853 3885 haee
874 3817 1069 3885 ridebuntur
1089 3817 1144 3898 iis,
1167 3816 1290 3900 quibus
1308 3815 1357 3880 lu·

248 3910 353 3979 botin
367 3913 490 3981 talibus
504 3915 634 4001 iugenio
648 3917 827 4004 indulgere.
1228 3925 1242 3954 ·’
