3059 4925
650 382 790 446 surlet
812 378 864 435 Vi.

197 528 279 616 Hoc
296 527 386 606 volo,
402 526 453 594 sic
473 528 588 615 jubeo,
611 525 655 596 sit
672 548 735 613 pro
748 529 875 595 ratione
887 528 1050 594 voluntas.

239 635 389 717 Imperat
407 652 485 716 ergo
501 633 574 697 viro
585 653 596 697 :-
618 631 678 698 sed
690 652 773 697 mox
793 632 867 697 boec
881 650 983 714 regna
993 629 1158 714 relinquit,

195 742 431 824 Permutatqne
446 738 575 814 domos,
598 742 631 801 et
649 736 804 801 flammea
818 735 972 799 conterit:
993 733 1069 798 inde
1232 730 1300 796 225
1371 811 1376 820 .
1405 729 1412 742 ⁶

196 843 353 922 Advolat,
374 848 408 906 et
422 841 524 926 spreti
538 838 657 923 repetit
674 838 817 919 vestigia
830 838 919 901 lecti.

197 947 340 1012 Ornatas
358 945 460 1031 paulo
481 948 557 1008 ante
578 941 676 1018 fores,
691 939 870 1024 pendentia
882 938 1000 1022 linquit

195 1050 284 1115 Vela
299 1049 426 1125 domus,
442 1051 475 1111 et
487 1045 594 1110 adbuc
613 1041 738 1108 uirides
754 1043 792 1105 in
807 1041 918 1105 limine
936 1058 1059 1104 remea.

196 1141 255 1217 Sic
269 1151 390 1217 crescit
401 1166 573 1227 numerns3
596 1146 646 1211 sic
658 1145 739 1209 fiunt
752 1149 828 1209 octo
850 1143 972 1220 mariti,

197 1253 352 1339 Quinque
373 1272 435 1337 per
458 1255 668 1316 anctumnos:
690 1246 786 1312 titulo
808 1264 861 1309 res
876 1245 979 1326 digna
993 1239 1148 1327 sepulcri.
1233 1233 1299 1313 230

241 1356 460 1442 Desperanda
469 1354 531 1419 tibi
546 1354 642 1418 salva
655 1349 835 1416 concordia
849 1367 966 1412 socru:
1345 1387 1346 1392 1

191 1453 263 1527 'Illa
276 1461 374 1525 docet
387 1458 504 1543 spoliis
518 1455 598 1521 nudi
613 1454 757 1538 gaudere
769 1452 899 1533 mariti3

197 1642 369 1693 oitortttrium
386 1655 469 1690 meum.
502 1639 586 1702 Itaque
604 1634 728 1700 imperium
747 1638 854 1684 exercet
872 1632 899 1680 in
914 1629 1035 1681 moritum.
1067 1626 1103 1677 At
1117 1625 1186 1691 conio
1199 1628 1254 1690 post
1273 1636 1303 1671 eo

197 1723 272 1770 regno
279 1707 374 1769 deserit,
384 1722 412 1755 oc
420 1708 498 1754 mutot
504 1706 574 1765 sedeo,
584 1699 842 1764 deteritquefloototeo.
860 1696 957 1746 Exinde
966 1694 1056 1744 recedit
1062 1699 1131 1755 otqtce
1138 1691 1225 1753 retegit
1235 1693 1305 1738 notos

197 1772 281 1822 cubitis
290 1772 415 1821 contemti:
431 1770 534 1819 dimittit
542 1770 642 1830 jonatam
655 1779 728 1829 nuper
738 1766 883 1824 becedam,
894 1762 970 1810 oataeo
986 1760 1013 1807 ia
1027 1757 1117 1806 editos
1132 1769 1243 1819 ecum,
1262 1767 1302 1801 ro·

197 1853 289 1901 mooqoe
299 1838 326 1886 in
336 1835 432 1896 foribus
452 1836 580 1884 etiamnum
595 1831 706 1880 virentes.
739 1829 780 1878 Ito
796 1841 904 1877 mmm
921 1829 1038 1887 uegetum
1054 1824 1091 1870 ito
1108 1822 1233 1869 succedunt
1250 1822 1302 1866 octo

193 1902 245 1952 oiri
255 1904 320 1951 totos
329 1903 428 1965 quinque
444 1903 581 1950 ouwmuosr
597 1910 635 1945 reo
654 1907 716 1944 sane
734 1894 809 1955 digno
825 1891 978 1953 inscriptione
992 1886 1088 1937 tumuli.
1121 1885 1174 1933 Nec
1188 1882 1303 1947 mado

198 1967 245 2016 tibi
254 1968 380 2030 consensio,
396 1979 465 2014 socru
474 1979 500 2013 sn
569 1963 574 1973 ’
586 1976 607 2011 e.
640 1951 703 2010 Hoec
713 1962 829 2008 Μάγοι
839 1954 958 2005 obiectari
966 1952 1059 2003 exuviis
1071 1950 1167 2014 spoliati
1176 1947 1240 1997 oiri:
1254 1946 1304 1994 itae

197 2214 248 2262 223
264 2210 306 2260 Sic
316 2212 367 2260 ooio
379 2214 418 2261 19.
429 2214 471 2260 at.
483 2213 667 2260 28.-224-22(1
683 2205 810 2257 extrusie
825 2202 1010 2253 Ἀπ’-225221
1026 2194 1121 2246 absunt
1139 2190 1172 2241 ab
1190 2193 1232 2238 le.
1264 2188 1306 2240 dt·

199 2291 251 2326 tetus
262 2280 302 2325 14.
315 2281 355 2325 16.
366 2279 408 2325 48.
434 2274 799 2340 flammatus-saunis.
813 2262 1111 2319 65.68.69.71.72.⁷³.
1138 2252 1305 2328 fiuntd:

199 2345 250 2390 226
266 2343 353 2391 Eootot
364 2345 405 2391 20.
437 2341 524 2402 Aoolot
536 2339 565 2404 (a
576 2353 642 2389 novo
656 2338 750 2387 marito
760 2332 883 2393 discedit)
899 2336 940 2382 29.
960 2332 1001 2378 5⁰.
1018 2331 1059 2375 65.
1077 2327 1117 2372 69.
1134 2330 1162 2370 et
1179 2318 1238 2370 eod.
1255 2330 1306 2366 von

192 2405 281 2472 docti,
292 2421 369 2472 quem
379 2421 405 2455 r.
414 2406 440 2454 in
451 2405 564 2455 Miscell.
576 2404 655 2455 Obss.
666 2403 733 2452 crit.
744 2402 773 2450 in
781 2399 910 2450 Auctores
926 2400 992 2444 vett.
1005 2390 1088 2441 Amst.
1100 2390 1172 2437 1724.
1204 2382 1262 2433 Vol.
1277 2394 1305 2434 v.

197 2471 226 2520 Τ.
236 2484 256 2520 1.
268 2486 295 2535 p.
310 2476 365 2521 122.
381 2472 438 2521 tecti
448 2472 537 2535 repetit
547 2470 651 2531 uestigio
669 2467 745 2533 spreti
761 2471 804 2516 21.
836 2463 927 2525 refugit
941 2457 1045 2520 oeotigio
1055 2453 1126 2517 conj.
1135 2449 1307 2501 Schrader.-

199 2540 248 2585 227
267 2539 374 2587 omum
383 2541 424 2587 46.
434 2540 475 2586 48.
484 2541 526 2586 61.
558 2536 629 2599 liquit
641 2539 681 2585 16.
713 2532 805 2595 linquet
815 2531 937 2579 (16.-228
954 2525 991 2577 oei
1006 2537 1053 2586 pro
1070 2525 1095 2569 et
1106 2522 1146 2567 ll.
1159 2519 1200 2591 14.
1211 2518 1252 2589 16.
1264 2515 1308 2588 19.

199 2604 281 2651 2-230
298 2602 364 2650 Post
375 2602 443 2650 hunc
454 2615 559 2650 versum
568 2601 596 2649 in
615 2604 655 2650 16.
672 2599 786 2648 insertus
803 2600 843 2644 est
861 2593 944 2642 alirrs:
961 2589 991 2638 Si
1004 2587 1094 2652 fierent
1116 2585 1211 2631 cometes
1226 2582 1307 2638 estona

199 2680 269 2729 quem
277 2666 374 2716 mberet
385 2669 533 2716 oxon—2³1
550 2665 615 2714 nico
626 2668 661 2713 eot
672 2667 713 2714 16.
746 2664 782 2713 est
792 2661 857 2708 sotoo
867 2658 991 2707 aa-asa
1007 2652 1105 2701 Versus
1122 2646 1155 2696 ab
1166 2644 1216 2693 aiio
1228 2654 1307 2693 mauu

696 2788 808 2842 NOTIE

200 2922 259 2974 quee
279 2906 359 2961 habet
376 2909 494 2961 Macrob.
520 2908 625 2960 Saturu.
646 2920 667 2956 r.
690 2909 731 2956 11.
773 2915 847 2966 quom
858 2902 918 2949 octo
928 2894 991 2946 viris
1009 2891 1107 2942 nubere
1122 2884 1231 2949 licebat,
1241 2883 1309 2935 citra

200 2986 268 3036 Vide
277 2994 305 3036 et
313 2988 405 3039 Senee.
417 2989 501 3053 Epist.
515 3001 603 3038 xrvrr.
772 2984 862 3028 notam
877 2970 1007 3041 adulterii.
1041 2968 1114 3018 Hinc
1139 2961 1256 3014 Martial.
1275 2960 1309 3009 E·

232 3067 281 3114 22³
298 3066 354 3114 Hoc
364 3066 466 3127 eoio,oic
474 3064 554 3130 jubeo,
565 3061 617 3128 do]
632 3063 733 3128 Tyran-
772 3055 913 3119 pig.v1.7.
929 3050 937 3077 ‘
950 3046 1035 3099 Nubit
1053 3043 1155 3094 decimo
1168 3042 1224 3103 jorn
1234 3037 1308 3087 'l'ele-

200 3139 260 3190 nica
275 3142 352 3204 plone
370 3142 457 3193 verba.
774 3130 830 3181 sina
840 3128 905 3178 viro.
935 3126 1002 3177 Quae
1011 3121 1087 3171 nubit
1096 3117 1185 3181 toties,
1201 3128 1252 3165 non
1263 3127 1310 3163 nu·

232 3220 281 3267 224
298 3219 360 3268 Hec
370 3218 455 3282 regna]
472 3217 529 3268 Viri
544 3216 648 3267 domum
659 3215 734 3267 etfa.
774 3205 824 3265 bit,
835 3202 954 3253 adnitere
964 3199 1023 3264 lege
1040 3195 1098 3247 est!

200 3295 297 3344 milium
307 3295 334 3345 in
344 3311 395 3361 qua
406 3295 541 3362 regnabat,
552 3295 682 3361 relinquit,
689 3309 735 3344 no.
806 3285 855 3332 230
873 3279 982 3342 Quinque
997 3289 1041 3340 per
1066 3268 1212 3335 mommo]
1228 3262 1310 3347 Annis

200 3385 312 3435 sumque
323 3371 443 3420 maritum
463 3372 559 3437 saepins
576 3370 672 3436 quaerit
689 3385 734 3435 po·
775 3359 899 3425 quinque·

201 3454 260 3499 tens
272 3464 302 3499 oe
313 3449 387 3499 dives
397 3449 499 3499 mulier.
808 3435 888 3485 Tituto
907 3446 946 3482 reo
967 3431 1042 3492 digno
1059 3424 1171 3491 sepulcro]
1196 3419 1310 3472 ironice.

234 3530 281 3575 225
300 3526 469 3590 Permutotque
478 3526 568 3590 domos]
585 3525 628 3576 Ab
638 3540 688 3576 uno
699 3525 734 3575 vi.
775 3498 1312 3577 Quampulebrumeritsepuicrobelismu-

202 3617 232 3653 ¹⁰
239 3603 271 3654 ad
284 3604 362 3654 alium
372 3605 501 3669 aliumque
512 3604 646 3654 transiens,
773 3590 844 3640 lieris
855 3586 982 3649 inscripta
991 3598 1024 3632 ex
1032 3594 1103 3631 more
1111 3578 1200 3629 videre
1207 3573 1311 3624 nomina

234 3683 355 3733 ssommeo
369 3680 482 3744 conterit]
496 3682 584 3732 'l'oties
605 3679 736 3746 nuptialia
775 3668 890 3717 virorum
911 3668 980 3727 octo²
1003 3659 1095 3725 quibus
1115 3653 1214 3719 nupsit.
1241 3647 1311 3699 Vide

202 3758 266 3808 terit
278 3759 435 3821 velamenta,
456 3757 557 3822 quoties
575 3756 658 3807 nubit.
691 3757 735 3805 De
776 3739 1083 3805 Martiol.Epig.1x.lb.

202 3832 323 3886 flammeo
332 3834 391 3884 vide
402 3834 481 3884 Satir.
490 3847 523 3883 rr.
535 3833 568 3882 ad
579 3849 617 3882 vs.
630 3837 686 3883 124.
808 3828 856 3873 231
871 3816 1013 3879 Concordia]
1025 3805 1312 3878 Expectandatibinon

236 3915 285 3961 226
301 3910 416 3973 Adootot]
432 3909 513 3971 Alias,
524 3910 612 3959 asotot.
776 3907 836 3951 snut
846 3912 916 3948 amor
924 3900 952 3945 et
962 3893 1027 3943 fides
1037 3887 1180 3954 conjugalis
1189 3883 1221 3934 ab
1229 3893 1311 3932 uxore

236 3986 318 4051 spreti
327 3986 414 4050 repetit
421 3986 523 4048 vestigio
533 3984 600 4047 tecti]
617 3982 698 4034 Redit
705 3978 738 4032 ad
777 3979 822 4028 iiia
833 3983 888 4036 tua,
898 3973 1004 4023 vivente
1016 3982 1100 4019 socru.

206 4063 316 4127 primum
334 4063 425 4112 Virum·
810 4051 925 4111 Ι2321111
944 4045 1022 4108 docet]
1040 4045 1135 4094 socrus
1152 4036 1220 4087 enim
1242 4032 1311 4107 ipsa,

238 4143 285 4188 227
305 4140 410 4188 Orootos
423 4139 493 4202 poulo
508 4143 564 4188 uoto
575 4137 656 4201 sues]
670 4135 739 4186 Vide
778 4137 831 4181 tuae
844 4124 934 4183 'uxoris
951 4128 1045 4183 mater,
1062 4113 1187 4180 improbis
1206 4108 1313 4161 iustruit

206 4217 329 4282 supraed
341 4233 379 4267 vo.
391 4221 432 4266 79.
778 4201 969 4258 commatibus.
1299 4203 1302 4209 ’

237 4298 286 4347 229
305 4295 365 4345 Octo
372 4293 467 4359 morib]
481 4294 540 4346 Nec
546 4293 613 4347 enim
621 4283 738 4360 pluribus
812 4282 891 4349 Nudi]
910 4275 1009 4329 Crebra
1019 4270 1127 4336 exigens
1137 4283 1154 4318 a
1164 4266 1221 4319 tiro
1235 4262 1312 4325 dont,
