3059 4925
615 397 838 448 Juvsunurs.
1231 377 1275 451 tl

169 550 223 615 ab*
239 563 280 612 eo
300 541 444 611 nondum
465 541 565 621 edita,
589 547 628 607 ut
652 555 694 607 ue
724 539 858 627 quidem
882 538 1074 609 Amicorum
1101 539 1277 609 auditoriis

169 649 337 716 recitanda
351 647 540 712 crederetur.
569 669 573 675 ·
586 644 644 710 Sic
659 647 746 710 enim
769 646 937 732 subjungit
949 644 1091 713 Auctor:
1117 643 1277 711 Etiamne

172 750 228 815 din
252 769 291 816 tre
309 748 441 813 ‘modico'
460 746 583 835 quidem
620 746 791 813 Auditorio
828 747 994 835 quicquam
1024 749 1210 815 committere
1236 753 1279 814 ert

173 873 277 918 nasus.
335 854 377 918 Id
400 851 490 937 quod
512 852 613 915 etiam
637 851 751 935 primis
774 851 881 935 prima
913 847 1026 916 Satira
1046 853 1158 916 verbis
1194 852 1279 917 satis

173 961 283 1038 aperte
308 952 474 1038 significat
492 954 566 1037 ipse
588 950 774 1018 iuvenalis.
820 952 894 1018 Nec
917 954 1004 1042 eninr
1031 953 1098 1020 alio
1127 959 1279 1039 spectaro

171 1056 325 1120 videntur
358 1057 427 1132 itia,
449 1056 483 1118 iu
510 1055 632 1139 quibus
660 1056 816 1139 queritur,
838 1056 963 1121 tamdiu
982 1075 1020 1120 se
1053 1057 1156 1122 inisse
1189 1054 1279 1121 Poe-

171 1163 279 1222 rmum
292 1158 497 1221 recitantium
511 1153 694 1234 auditorem,
717 1175 850 1241 semper
870 1156 1015 1222 clamasse
1033 1156 1197 1222 Frontonis
1206 1155 1281 1244 pia·

174 1265 330 1338 temnet
344 1257 490 1323 eaenulas
506 1279 674 1337 munuera,
698 1268 864 1346 raptasque
888 1260 1008 1326 assiduo
1034 1261 1143 1326 lectore
1165 1260 1280 1326 coliem·

173 1367 252 1427 nori
274 1362 436 1445 cumipse
449 1361 580 1426 scilicet
593 1360 739 1426 nondum
761 1363 796 1428 in
820 1382 863 1428 co
876 1365 994 1449 scripti
1007 1384 1124 1448 genere
1139 1355 1279 1431 aliorum

173 1465 364 1547 patientiam
380 1464 597 1528 exercuisset.
640 1462 726 1527 Tam
750 1464 846 1547 longe
870 1466 1006 1532 aberant
1026 1468 1129 1531 illua
1151 1463 1281 1530 Paridis

172 1568 226 1632 ira
239 1566 451 1645 concitanda,
467 1566 496 1629 si
510 1564 565 1630 vel
578 1565 758 1647 superstite
769 1564 891 1629 Paride
901 1566 1038 1632 tuissent
1052 1569 1190 1653 scripta,
1204 1585 1279 1633 eum

171 1669 301 1733 irritare
314 1685 380 1733 non
393 1673 540 1750 possent,
561 1686 638 1731 oum
657 1667 805 1732 nondum
822 1677 1029 1735 emanassent
1050 1670 1085 1734 in
1108 1668 1278 1753 pubiicum.

172 1770 250 1835 Nec
263 1776 378 1835 tamen
389 1770 568 1834 verisimile
587 1775 640 1834 est
662 1768 860 1834 antecedere
878 1769 1010 1838 Paridis
1024 1774 1077 1838 vei
1094 1774 1186 1839 iilam
1199 1793 1280 1856 paa-
1378 1813 1384 1824 ·

174 1893 278 1937 eorum
293 1889 433 1936 ommam
450 1869 592 1935 Satirnm
607 1875 784 1958 scripsisse
797 1873 820 1939 J
822 1876 1005 1940 uvenaiem.
1043 1875 1149 1953 Nihil,
1163 1867 1280 1953 fateor,

172 1976 214 2041 dc
228 1976 420 2059 scriptionis
434 1983 567 2058 tempore
582 1981 774 2041 accuratum
787 1976 930 2055 tradidit,
953 1998 1052 2062 quem
1072 1979 1206 2042 unicum
1222 1978 1281 2041 tra·

171 2080 293 2143 bemus
316 2077 358 2141 de
383 2076 436 2142 his
460 2078 559 2141 rebus
580 2083 707 2156 testem,
729 2080 810 2144 vitae
834 2077 963 2144 Auctor
984 2078 1192 2163 Anonymus.
1238 2076 1281 2142 Id

172 2199 273 2249 unum
289 2180 426 2257 indicat,
445 2188 515 2264 port
530 2177 662 2243 medium
677 2190 797 2243 atatem
821 2180 865 2246 ad
886 2180 946 2245 illa
959 2179 1156 2245 iuvenalem
1171 2180 1282 2244 studia

173 2283 365 2348 deduxisse.
409 2280 477 2346 Sed
490 2283 570 2347 nitri!
585 2281 684 2365 plane
708 2280 749 2345 de
773 2281 894 2347 studiis
916 2283 988 2367 ejus
1012 2281 1153 2366 poeticis
1168 2280 1279 2347 Poeta

175 2384 353 2451 Martidis.
366 2384 449 2471 (Ep.
465 2400 532 2449 vn.
545 2380 619 2469 24.)
642 2383 679 2448 Is
692 2388 804 2449 tamen
813 2402 850 2448 se
862 2384 910 2448 ita
919 2382 942 2448 J
945 2384 1075 2448 uvcnali
1085 2383 1281 2449 familiarem

174 2487 280 2553 fuisse
294 2489 462 2571 glorimur,
484 2491 523 2551 ut
533 2506 602 2552 non
615 2486 725 2569 magis
739 2484 863 2570 Pyladi
878 2488 1006 2551 amicus
1018 2487 1117 2552 fuerit
1136 2484 1283 2564 Orestes,

177 2598 236 2656 aut
247 2591 397 2655 Theseus
412 2590 575 2667 Pirithoo,
596 2608 639 2653 ne
664 2586 720 2653 vei
742 2606 865 2655 arcana
877 2586 900 2652 J
903 2587 1054 2652 nvenalis
1067 2587 1178 2654 studia
1192 2586 1283 2652 Mar·

175 2692 287 2758 tielem
313 2693 453 2757 interime
482 2693 700 2774 suspicemur.
744 2690 819 2756 Ima
853 2709 875 2754 a
901 2691 1039 2755 mortuis
1062 2689 1119 2756 ille
1140 2688 1230 2774 (Sat.
1256 2702 1284 2753 t.

176 2793 282 2880 extr.)
294 2795 468 2879 prudenter
483 2792 712 2859 abstinendum
727 2813 802 2858 esse
816 2800 940 2861 censet.
984 2792 1129 2861 Tantum
1140 2793 1233 2856 abest
1246 2799 1283 2857 ut

175 2899 280 2961 vicum
293 2894 443 2960 Paridem
456 2898 511 2961 vei
523 2897 560 2961 in
571 2896 677 2981 prima
691 2897 751 2960 illa
764 2895 874 2960 Satira
887 2896 1059 2960 laceraret.
1102 2895 1125 2961 J
1127 2894 1281 2957 uniorum

174 3018 253 3083 ergo
271 2999 457 3065 Auctorum
470 3000 536 3064 ista
550 3003 624 3064 sunt
645 2997 872 3063 tanummooo
887 2995 1066 3071 ratiocinia,
1087 3013 1153 3059 uon
1171 3000 1282 3059 autem

173 3106 352 3168 anetarum
364 3103 634 3167 monimentorum
656 3117 776 3165 coaeva
798 3097 864 3162 fide
887 3097 1060 3182 depromta
1082 3096 1281 3162 testimonia.

177 3204 266 3270 Cum
280 3224 359 3271 voro
379 3220 476 3289 genae
489 3203 651 3288 scriptura
670 3199 855 3266 industriose
880 3199 1039 3277 excoleret,
1060 3205 1136 3291 tum·
1154 3202 1187 3263 et
1203 3195 1284 3275 ,retia

178 3326 272 3394 quam
288 3303 467 3370 Satirarum
483 3327 591 3391 corpur
606 3306 753 3391 scripsit,
775 3307 876 3389 inque
900 3305 1003 3382 illam,
1026 3323 1126 3387 qnam
1147 3301 1286 3366 retinent

176 3409 357 3493 hodieque,
378 3409 518 3473 formam
532 3407 669 3490 redegit,
692 3416 726 3473 et
739 3429 776 3472 en
792 3424 921 3491 qnoque,
943 3425 1009 3490 que
1028 3403 1132 3488 prima
1145 3400 1285 3488 fecerat,

179 3511 269 3576 noar
291 3510 414 3595 scriptis
437 3508 608 3596 irrsrrciait.
652 3510 738 3575 Sunt
754 3509 842 3573 euim
865 3508 925 3572 illa
944 3505 1100 3571 Auctoris
1115 3503 1285 3589 Anonymi

178 3615 294 3680 verbu:
331 3611 411 3676 Mos
432 3634 547 3699 magon
561 3608 747 3698 frequentin
763 3628 934 3694 mugituque
947 3626 1081 3671 successu
1107 3604 1153 3668 te
1177 3624 1213 3669 ao
1238 3614 1287 3670 ter

178 3716 303 3780 unditus
317 3726 373 3794 ert,
394 3725 430 3778 nt
444 3736 480 3780 en
495 3734 624 3800 qaoque,
646 3734 713 3799 qna
727 3712 830 3797 primo
845 3707 982 3795 fecerat,
1011 3706 1172 3792 irrferciret
1198 3707 1286 3772 aava

177 3817 311 3905 tcrrptir.
356 3817 537 3895 Recitavit,
551 3818 586 3880 ni
599 3816 706 3895 fallor,
722 3816 846 3891 omnia,
866 3813 1040 3897 emisitque
1054 3812 1089 3875 in
1102 3812 1290 3896 publicum,

179 3940 265 3987 aruo
280 3939 415 3986 oxvrrr.
429 3924 609 4005 postquam
624 3917 768 3982 Romam
791 3916 934 3981 venisset
954 3911 1163 3991 Hadrianus,
1187 3928 1285 3995 quem

175 4025 229 4089 itte
239 4024 437 4107 Principem
451 4041 473 4086 a
485 4022 644 4087 benevolo
659 4021 733 4104 ejus
756 4021 791 4083 in
814 4019 887 4083 haec
908 4016 1018 4081 studia
1038 4013 1148 4079 animo
1164 4015 1199 4077 in
1213 4014 1278 4078 ha'c

180 4128 257 4210 ipsa
268 4127 386 4199 Satira
395 4128 478 4204 (vri.
495 4122 538 4202 l.)
562 4125 597 4188 in
618 4143 688 4208 qna
701 4126 877 4189 occurrunt
890 4120 994 4186 verba
1007 4119 1067 4182 ilia
1080 4117 1128 4181 ae
1150 4114 1285 4193 Paride,

181 4226 399 4298 sommendat.
420 4278 424 4285 ι
442 4227 539 4305 Inde,
555 4226 593 4290 ni
605 4225 712 4306 sutor,
735 4225 864 4290 animos
879 4221 998 4287 sumsit
1020 4220 1147 4303 scripta
1169 4235 1231 4283 sua
1250 4218 1285 4283 in
