3059 4925
627 362 767 412 snmus
802 363 828 412 1.
1214 345 1279 412 139

177 503 422 584 Quotondente
437 509 549 590 gravis
559 506 675 593 juveni
690 511 769 574 milti
786 511 890 575 barba
903 509 1062 588 sonabat3
1236 508 1280 572 25

178 607 360 695 Compare
376 609 522 676 Niliacae
537 611 657 696 plebis,
673 631 748 677 cum
764 632 865 678 verna
878 611 1010 697 Canopi

171 707 361 804 Crispinus,
375 714 496 798 Tyrias
509 713 643 779 humero
657 715 830 779 revocante
844 715 1010 793 lacernas,

177 805 327 880 Ventilet
340 817 492 881 aestivum
506 818 617 900 digitis
632 818 828 884 sudantibus
843 837 972 897 aurum,

178 909 255 980 Nec
269 917 402 982 sufferre
416 926 515 1003 queat
529 920 666 1004 majoris
679 920 829 1004 pondera
843 940 1000 1002 gemmae:

177 1015 323 1098 Difficile
337 1026 389 1084 est
401 1022 543 1086 Satiram
556 1041 621 1086 non
636 1023 789 1087 scribere.
834 1021 926 1086 Nam
939 1022 1015 1106 quis
1028 1021 1151 1106 iniquae
1237 1021 1282 1087 30

177 1154 317 1202 adolmentt'
332 1154 429 1204 alutem
440 1154 512 1204 Mede
528 1154 669 1220 erepitnbut,
685 1158 747 1205 ntus
761 1156 855 1206 stettin
871 1162 948 1207 certat
958 1172 1012 1206 esse
1022 1157 1138 1207 mersis
1150 1156 1282 1207 utilibus:

178 1220 269 1280 peaes
285 1233 342 1283 pers
353 1221 437 1283 Populi
448 1223 480 1270 sd
496 1221 590 1280 Nilum,
604 1224 694 1285 quenda
707 1223 833 1285 Crispinus
847 1236 926 1271 sernas
937 1222 1028 1286 Canopi
1038 1223 1117 1284 sgttst
1127 1236 1211 1271 emm
1220 1222 1285 1271 asti·

176 1283 230 1331 vste
248 1285 334 1343 digitis
350 1287 458 1334 sederem
476 1286 646 1345 emittentibus,
663 1288 759 1350 serpet·
772 1288 897 1337 reducente
913 1288 1065 1351 chlamyden
1082 1287 1190 1352 lym,
1212 1301 1284 1351 sequ

177 1348 277 1399 sotem
294 1354 371 1413 potest
388 1352 533 1414 presttutem
542 1351 663 1416 amplioris
672 1351 766 1416 lapilli,·
783 1358 845 1403 tunc
856 1354 957 1402 massa
971 1357 1006 1402 est
1021 1351 1129 1402 ustum
1139 1367 1185 1403 m
1195 1367 1284 1416 sempe·

180 1557 274 1610 absunt
285 1575 300 1608 a
318 1564 342 1610 7.
358 1568 388 1611 ut
405 1577 444 1611 vs.
455 1567 540 1614 ns-nu.
557 1578 573 1612 s
584 1567 623 1613 18.
655 1568 768 1627 prensam
780 1567 884 1613 lte-25
909 1563 1023 1611 tendente
1032 1563 1073 1610 nl.
1104 1560 1176 1623 (reni
1187 1559 1284 1622 insertis

179 1628 284 1674 su-no
301 1633 363 1675 ante
375 1643 411 1676 vs.
424 1631 464 1677 tt.
477 1629 502 1676 iu
513 1631 554 1677 nt.
573 1638 601 1676 et
619 1632 705 1678 nono.
719 1635 780 1678 ante
791 1643 830 1676 vs.
841 1632 882 1676 nt.
900 1628 926 1675 ln
937 1631 978 1676 lt.
989 1628 1119 1690 leguntur.
1153 1627 1214 1674 Cass
1228 1625 1284 1685 Joex

180 1689 282 1738 Nitiscoe
291 1690 367 1755 pletis
381 1693 483 1741 emend.
496 1693 602 1741 Flavius
613 1694 765 1757 conjectam
778 1708 801 1742 c.
811 1697 852 1742 80.
869 1692 937 1756 quad
949 1691 1029 1754 po'e‘ts
1046 1689 1091 1740 inf.
1104 1703 1147 1741 tu.
1158 1694 1199 1740 ol.
1213 1689 1286 1739 dixe·

180 1752 223 1817 rit,
235 1759 307 1817 quotu
314 1756 470 1818 portiosoeet's
480 1757 574 1821 delei,
587 1774 644 1822 qnae
654 1758 740 1807 tainen
750 1758 829 1807 verba
841 1760 953 1820 vrrlgatae
965 1756 1051 1820 potius
1061 1755 1169 1804 lectioni
1180 1753 1284 1804 issent:

180 1832 239 1867 nem
249 1835 307 1883 pers
314 1821 388 1884 pletis
399 1831 440 1870 est
455 1822 490 1871 id.
501 1821 545 1887 qd.
555 1825 636 1886 pertis
649 1823 794 1883 secie-28
815 1823 917 1871 Ventilet
929 1826 968 1870 ln.
981 1825 1022 1870 26.
1051 1820 1171 1869 Graevius
1182 1817 1285 1869 emend.

179 1884 284 1933 ἱαιινω
295 1886 398 1936 Ventilet
411 1888 495 1937 oestise
505 1888 591 1948 digitis
597 1888 735 1938 mamitus
745 1903 812 1947 esra,
828 1896 855 1936 nt
869 1887 946 1950 poete
959 1884 1042 1947 dicat,
1059 1885 1206 1948 Crispinum
1216 1882 1287 1932 indr-

180 1949 226 1996 rnis
236 1951 385 2016 tenerisque
395 1951 492 2015 digitis,
503 1954 546 2017 qui
557 1953 599 2002 vel
611 1954 713 2002 minimo
725 1953 810 2002 aestivi
829 1952 915 2000 sonuli
927 1950 1040 2014 pondere
1053 1949 1214 2009 sudaverint,
1226 1948 1287 1997 assi·

180 2013 231 2063 dae
243 2013 381 2065 ventilasse
399 2025 427 2066 et
438 2018 585 2068 sublevasse
597 2025 692 2082 togam,
708 2031 759 2083 quo
776 2017 883 2066 annulos
902 2023 930 2064 et
949 2015 1163 2079 sardonyclratam
1183 2027 1287 2062 manum

182 2078 340 2130 ostenderet.
371 2081 424 2131 Sed
443 2083 505 2147 quid
525 2089 579 2131 tum
598 2081 680 2132 facies
692 2082 778 2132 verbis
796 2082 893 2130 tammo
910 2081 1157 2130 reassumi-8⁰37
1173 2077 1206 2127 nd
1221 2078 1286 2130 duos

181 2157 269 2194 versus
280 2144 308 2194 in
320 2151 360 2197 lt.
371 2148 409 2197 ita
420 2147 536 2197 redacti:
555 2148 660 2214 Dtffics'le
672 2153 707 2198 est
724 2146 825 2197 sutirum
835 2162 881 2195 sos
895 2144 1006 2208 scribon,
1024 2160 1077 2193 cass
1087 2149 1123 2193 tot
1133 2144 1160 2192 is
1170 2141 1227 2193 uste
1238 2142 1288 2191 Ps-

680 2277 790 2328 NOTAE

213 2378 244 2425 2⁵
263 2376 316 2432 Quo
335 2376 457 2442 umente]
481 2378 572 2442 Virgll.
590 2377 680 2444 Eulog.
692 2392 712 2429 1.
789 2375 889 2442 Tyrius]
923 2375 1067 2437 Purpureus.
1115 2372 1193 2437 Tyras
1219 2372 1287 2422 enim

183 2449 191 2480 ‘
203 2452 344 2504 Candidior
355 2463 492 2522 postquam
503 2456 622 2508 tondenti
635 2457 714 2507 barba
754 2454 815 2505 nrbs
828 2453 968 2504 Phoenicia
980 2450 1107 2502 maritima
1118 2465 1233 2516 purpura
1248 2465 1289 2501 ce·

184 2529 314 2580 cadebat!
753 2531 842 2582 lebris.

214 2604 329 2671 Sombat]
343 2608 514 2672 Metonymis.
547 2608 579 2658 ld
588 2615 638 2671 est,
645 2606 714 2659 t'orfi-
788 2609 895 2657 flamm
912 2610 1034 2655 resecante
1049 2605 1161 2665 uuna,
1180 2601 1289 2667 mutilet]

183 2698 225 2734 ces
235 2684 362 2734 sonabant
371 2682 476 2735 barbam
485 2693 644 2736 resecantes.
754 2683 909 2733 Defluentes
926 2696 1029 2746 nempe,
1044 2680 1150 2731 brachis
1161 2686 1188 2729 et
1199 2694 1289 2730 manns

215 2763 249 2808 26
265 2758 327 2809 Pars
337 2760 439 2810 Niliacas
447 2760 534 2825 pletis]
550 2750 623 2812 Unus
634 2778 649 2812 e
661 2763 715 2827 ple·
754 2764 781 2813 in
794 2761 995 2826 nirajactando,
1015 2760 1088 2824 quasi
1105 2757 1138 2809 sd
1155 2756 1290 2821 retegen-

184 2834 216 2884 be
228 2836 344 2901 AEgyptl,
354 2836 398 2886 ubi
408 2835 503 2887 fluvius
516 2838 660 2887 Nilassdeo
672 2838 714 2886 de·
755 2839 861 2897 tionem,
881 2852 908 2886 re
919 2844 1006 2885 sutem
1017 2849 1078 2885 vera
1089 2834 1122 2884 sd
1136 2835 1289 2884 annulorum

184 2919 302 2962 eantstus
321 2914 355 2962 ob
377 2929 485 2964 antinum
508 2914 716 2979 exundationem,
755 2913 966 2965 ostentationem.

185 2995 212 3037 et
222 2987 441 3039 ioecundationeus
454 2998 589 3040 terrarum.
789 2989 921 3054 laceram]
936 2989 1004 3038 Vide
1015 2987 1092 3052 inire,
1102 3004 1139 3039 vs.
1150 2993 1191 3039 nt.

220 3063 307 3128 Verus]
332 3064 442 3117 Ancillas
462 3064 530 3117 tilius
551 3067 619 3118 domi
641 3075 716 3118 natus
789 3072 822 3118 28
838 3066 957 3117 Μυκη
967 3066 1062 3130 mm]
1075 3064 1289 3116 Annulosaettate

185 3156 264 3191 uerno
275 3148 400 3208 tempore,
414 3144 493 3193 Versu
510 3143 615 3210 proprie
628 3146 717 3210 appel·
758 3146 855 3212 gestari
866 3146 986 3208 solitos‚e
996 3144 1066 3193 tenui
1076 3145 1191 3207 bractea,
1201 3158 1291 3194 secun·

185 3221 304 3281 lebetam
323 3235 411 3271 servus
428 3230 515 3273 autem
535 3222 579 3287 qui
597 3238 643 3274 seu
656 3223 717 3288 jure
758 3223 820 3274 dum
848 3236 944 3271 morem
968 3219 1136 3270 delicatorum
1166 3219 1290 3285 Equitum

185 3295 253 3360 belli,
264 3311 309 3347 seu
322 3297 407 3362 pretio
419 3307 521 3363 emptus
530 3299 557 3348 in
569 3297 719 3363 dominipo-
759 3301 942 3361 Romanorum,
964 3297 1008 3361 qui
1028 3298 1186 3362 gravitatem
1203 3296 1292 3347 annuli

185 3382 308 3426 testatem
330 3375 459 3427 veniebat.
497 3376 541 3427 Its
562 3378 664 3438 Festus,
690 3383 719 3426 et
759 3376 852 3425 aestivo
879 3381 997 3438 tempore
1024 3388 1075 3423 non
1102 3372 1231 3435 ferebant,
1263 3379 1292 3424 et

132 3484 140 3501 .
186 3451 296 3503 Nonius.
759 3463 900 3521 propteres
916 3456 1014 3519 duplex
1037 3454 1188 3504 annulorum
1211 3468 1292 3519 genus

218 3528 322 3592 Canopi]
344 3530 480 3594 Oppidum
490 3529 719 3595 AEgyptilibidiui·
758 3529 898 3594 habebant,
909 3531 971 3582 allos
983 3532 1085 3582 uestinos
1100 3532 1219 3593 leviores,
1230 3532 1293 3580 alios

186 3603 232 3655 bus
243 3603 350 3667 infame,
369 3605 401 3654 ad
417 3606 511 3656 ostium
525 3606 588 3670 Nili,
602 3608 671 3672 quod
681 3607 719 3656 in·
757 3607 890 3672 hyemales
909 3608 1047 3673 martores.
1080 3606 1291 3658 Turnebamt.

187 3680 328 3732 dedictum
345 3682 512 3747 Canopicum.
537 3682 606 3734 Plin.
625 3683 719 3734 Strabo
758 3684 829 3735 Plin.
846 3698 953 3735 xxxsu.
972 3689 995 3735 l.
1014 3684 1059 3734 nbi
1079 3684 1111 3733 de
1132 3683 1293 3735 Annalorusn

186 3756 202 3806 l.
216 3771 286 3808 xvu.
318 3758 454 3809 Juvennlis
474 3759 529 3808 Sat.
548 3763 588 3810 ts.
598 3757 721 3819 summust
759 3762 868 3827 origine,
879 3778 937 3823 usu,
945 3762 1014 3827 jure,
1025 3763 1211 3811 ostentatione.

188 3839 271 3885 voest.
305 3833 389 3883 Porro
401 3848 432 3883 ea
450 3833 565 3900 AEgypto
585 3835 654 3886 servi
669 3834 721 3886 llo·
793 3835 1294 3902 29Majsrs'sposderegemmae1Hyemn·

187 3929 254 3964 mem
266 3913 471 3964 adducebantur.
760 3915 793 3966 lis
804 3915 891 3965 ennuli
909 3915 1034 3980 gravioris
1049 3920 1077 3964 et
1095 3913 1218 3979 grandior
1236 3917 1294 3962 erat

220 3994 252 4042 at
271 3989 408 4055 Crispinus]
426 3990 531 4041 Eservo
541 3988 628 4040 iactus
636 3990 721 4057 Eques
761 3992 872 4058 lspillus.

190 4066 330 4130 Romsnus,
349 4065 403 4116 slve
424 4066 617 4129 aDomitisno,
636 4066 722 4117 siren
794 4073 826 4120 to
837 4067 956 4132 Sotimus]
967 4065 1190 4117 ltascribendam.
1208 4063 1295 4117 Quen·

190 4145 305 4207 Nerone,
320 4149 350 4194 ut
365 4143 456 4194 volunt
465 4143 517 4195 alii.
548 4145 632 4194 Dives
649 4150 722 4196 eerte
762 4160 839 4212 quem
851 4145 919 4196 enirn
929 4142 1042 4193 nonnulli
1053 4156 1103 4193 nec
1114 4140 1212 4193 indocti
1226 4141 1296 4192 ase

192 4220 337 4286 admodum,
348 4225 378 4272 nt
387 4226 499 4272 testatur
510 4218 620 4272 Quiutil.
761 4223 825 4287 tyris
836 4221 895 4272 Diis
906 4218 1083 4285 petulantibus
1094 4216 1218 4283 originem
1230 4218 1295 4268 hano
