3059 4925
775 413 862 466 trra
917 426 926 464 ε

509 700 675 807 trra
727 699 1127 782 inveniere
1185 816 1187 819 ⁴

361 905 465 971 quarn
477 884 692 969 persequitur
707 853 923 948 Dodwell.‘'in
937 877 1057 951 rinnai.
1073 884 1269 965 Quintilian·

664 1013 682 1096 §
699 1026 973 1076 xxxvrr-xur.

265 1177 503 1260 Juvnunn'nlu
518 1184 694 1268 'scripsisse
717 1188 795 1250 ante
813 1183 963 1250 Plinium
989 1187 1051 1250 snb
1075 1151 1273 1250 Domitiano
1294 1192 1328 1251 et
1349 1204 1372 1251 a

269 1286 390 1353 Paride
404 1292 517 1352 actum
531 1305 605 1350 esse
618 1286 651 1349 in
664 1285 815 1362 exilium,
830 1290 964 1367 recepta
986 1292 1047 1364 est,
1061 1289 1160 1351 etiarn
1182 1289 1272 1371 apud
1288 1285 1372 1351 Ern-

267 1490 384 1560 erulem
399 1493 491 1556 illum
506 1492 653 1576 appellet
664 1489 825 1557 Sidonius
840 1487 1058 1573 Apollinaris.
1078 1490 1204 1568 (Carm.
1215 1508 1271 1556 tx.
1280 1494 1371 1571 270.)

265 1592 393 1659 Iratum
409 1595 503 1659 illum
517 1592 693 1657 histrionem
709 1590 861 1656 Paridem
875 1593 1067 1674 intelligunt,
1083 1598 1116 1658 et
1126 1595 1258 1677 quidem
1267 1604 1371 1678 porte.

266 1696 379 1767 riorem
391 1698 486 1761 illum
496 1694 657 1773 Paridem,
671 1701 806 1781 propter
817 1694 1013 1758 adulterium
1027 1716 1102 1759 curn
1117 1696 1267 1762 Domitia
1280 1700 1371 1762 ocei-

267 1820 340 1865 sum
356 1820 377 1863 a
391 1799 599 1863 Domitiano·
639 1795 696 1862 Ab
718 1797 777 1862 illo
800 1796 936 1861 credunt
956 1796 1091 1877 Paride,
1106 1804 1243 1881 propter
1254 1785 1373 1883 paucor'

266 1903 427 1986 quosdam
449 1901 580 1979 Satirae,
596 1902 718 1985 quibus
741 1900 833 1964 illum
855 1900 1089 1981 perstrinxerit,
1112 1919 1213 1966 uersus
1238 1903 1372 1985 pulsum

265 2005 370 2083 fuisse
392 2006 428 2069 in
452 2004 590 2068 exilium
611 2004 822 2080 iuvenalem,
845 2001 969 2064 missum
993 2004 1149 2067 nimirum
1169 2005 1372 2089 perspectent

264 2106 391 2172 teucris,
415 2107 459 2172 ud
483 2106 701 2195 preficturnm
727 2105 859 2170 cohortis
886 2106 919 2167 r‘rt
944 2117 1078 2171 extremo
1101 2117 1198 2191 porte
1222 2105 1373 2174 tendentis

265 2208 420 2299 AEgyptir
443 2210 519 2286 indo
547 2229 715 2293 nunqnam
741 2206 874 2286 rediisse,
903 2197 1017 2274 ver'nm
1047 2208 1134 2271 iutro
1163 2209 1372 2274 brerirtir'rrum

265 2322 385 2395 ,ternpus
397 2333 514 2398 augore
527 2322 556 2375 et
572 2310 660 2375 tedio
673 2308 810 2393 periisse.
854 2310 944 2376 Haec
960 2312 993 2375 si
1007 2329 1086 2375 vera
1099 2319 1221 2391 essent,
1237 2314 1386 2380 1111111111Χ

269 2413 430 2502 repudium
448 2409 608 2493 Domitia,
621 2435 690 2499 qno
705 2420 853 2500 tempore
868 2415 968 2480 Paris
992 2416 1128 2480 occisus
1150 2420 1210 2494 est,
1226 2416 1374 2500 oportuit

267 2520 446 2604 scripsisse
460 2518 666 2583 iuvenalem.
710 2516 851 2600 Aliquot
865 2523 954 2582 certe
970 2518 1065 2581 annis
1080 2525 1157 2582 ante
1172 2519 1373 2583 consecratio·

267 2641 337 2687 nem
353 2619 461 2699 Julr'ae,
476 2640 553 2706 quae
574 2640 662 2686 ‘anno
677 2622 786 2705 periit,
799 2625 839 2685 ut
860 2621 1017 2698 vidimus,
1033 2622 1127 2685 AErae
1153 2628 1277 2686 nostrae
1292 2639 1372 2690 xor.

266 2724 379 2793 multis
395 2729 484 2789 certe
507 2727 582 2788 ante
604 2723 702 2787 finem
718 2722 902 2787 Domitiani
919 2723 1025 2799 anniS,
1042 2724 1096 2788 cui
1116 2722 1202 2787 adeo
1223 2724 1299 2806 ipse
1322 2746 1373 2787 ru»

264 2836 379 2912 perstet
393 2845 467 2891 esse
480 2846 546 2899 non
559 2826 677 2909 potuit.
708 2824 762 2902 Ita
772 2822 899 2909 periisse
913 2843 1049 2888 necesse
1063 2829 1145 2902 erat,
1160 2831 1255 2890 antea
1271 2847 1373 2910 quarn

265 2931 428 3001 scriberet
442 2929 584 3006 Plinius,
600 2932 709 2992 tantas
723 2927 798 2992 illas
816 2925 1009 2994 Quintiliani
1020 2926 1161 2991 divitior.
1183 2926 1232 3012 (v.
1247 2928 1270 2992 J
1272 2950 1371 2994 nvem

267 3028 501 3103 8111111188
517 3052 589 3114 sqq.
605 3030 681 3095 coll.
698 3050 774 3094 eum
788 3028 876 3093 Plin.
893 3029 958 3112 Ep.
974 3046 1024 3092 vr.
1037 3030 1106 3106 32.)
1141 3027 1372 3109 Qnotandem,

267 3155 397 3219 quaeso,
411 3135 499 3199 illius
514 3129 647 3197 uertat
692 3130 771 3209 Quo
785 3134 887 3196 etiam
902 3129 1013 3213 offerto
1030 3130 1192 3215 Principe,
1208 3151 1284 3197 cum
1300 3133 1373 3198 Dm-

237 3252 244 3261 “
266 3238 396 3307 miliani
411 3238 515 3320 gratia
526 3240 614 3300 esset
631 3235 902 3306 florentissimust
962 3233 1108 3304 Ubinam
1121 3255 1200 3318 ergo
1214 3232 1372 3301 beatitudo

268 3342 340 3426 ejus
353 3341 423 3418 illa,
439 3359 541 3423 quam
559 3339 645 3422 adeo
669 3340 703 3402 in
725 3338 784 3401 illo
809 3338 988 3402 celebravit
1009 3337 1193 3421 discipulus
1216 3334 1373 3401 Plinius?

268 3442 393 3508 Mirum
407 3449 459 3506 est
482 3441 646 3525 profecto,
670 3439 812 3504 noudum
837 3438 964 3516 vidisse
988 3439 1157 3518 EruditoS,
1183 3459 1283 3524 quam
1296 3441 1372 3505 haec

268 3546 380 3616 omnia
402 3545 513 3627 inepte
533 3544 675 3609 invicem
686 3541 886 3605 cohaereant.
914 3539 1035 3624 ¹Atqui
1060 3542 1142 3607 illud
1166 3543 1276 3625 ipsum
1298 3563 1371 3608 sus·

267 3655 397 3731 pectam
412 3647 495 3710 hanc
511 3646 705 3710 sententiam
727 3644 838 3708 lacere
853 3645 970 3727 potuit,
993 3645 1084 3728 qnod
1096 3645 1195 3725 longe
1208 3646 1372 3713 verisimi-

266 3750 331 3814 lius
346 3755 396 3813 est
410 3771 429 3810 u
445 3747 572 3812 modicis
586 3749 653 3812 illis
656 3744 883 3833 facultatibus,
899 3765 985 3830 quas
995 3752 1155 3811 memorat
1170 3745 1311 3825 Plinius,
1327 3743 1371 3811 ad

268 3849 394 3916 diritius
418 3857 567 3916 nostrum
596 3857 747 3936 (quarum
775 3850 922 3914 meminit
948 3846 1138 3932 luvenalis)
1166 3849 1370 3929 ascendisse,

268 3972 369 4039 quam
383 3954 459 4018 viee
477 3973 575 4018 versa
596 3954 689 4019 illum
705 3972 727 4017 a
740 3951 865 4028 divitiis
877 3950 922 4016 ad
935 3951 1086 4015 modicas
1098 3949 1273 4016 facultates
1286 3953 1370 4016 reci-

270 4055 377 4121 disse·
417 4054 470 4119 Ita
484 4059 571 4119 certe
595 4075 672 4119 enm
693 4054 783 4118 nullo
805 4072 941 4137 prorsus
956 4053 1077 4135 insigni
1090 4051 1264 4127 infortunio
1277 4059 1371 4118 nota-

268 4163 338 4222 tum
353 4158 569 4224 observarunt
576 4164 713 4223 veteres.
1034 4154 1036 4159 ’
1245 4148 1249 4153 “

311 4260 380 4326 Sed
402 4262 476 4326 miri
503 4264 579 4326 sunt
601 4261 637 4324 in
664 4259 728 4325 hae
750 4259 906 4328 universa
929 4267 1032 4322 causa
1059 4263 1128 4323 tam
1152 4254 1370 4322 recentiorum
