3059 4925
495 1014 947 1108 SERENISSIMO

305 1337 1137 1478 DELPHINO

454 1742 733 1813 LUDOVICUS
757 1742 990 1811 PRATEUS.

171 2210 270 2300 Nnc
286 2232 447 2300 Satiricos
461 2233 630 2301 evolvisse
652 2235 767 2321 pigeat
791 2234 853 2313 Te,
880 2234 1136 2301 Suuuurssrnn
1161 2235 1278 2302 Puru-

171 2352 272 2401 onrs.
317 2336 395 2416 Quo
410 2338 567 2422 amplius,
582 2342 653 2403 tum
677 2338 873 2403 domesticis
895 2337 1061 2422 exemplis
1078 2343 1148 2403 tum
1168 2339 1278 2404 indole

171 2438 323 2522 propria,
333 2438 376 2503 ad
387 2459 482 2505 omne
498 2441 622 2505 bonum
635 2441 809 2506 institutus
824 2459 881 2522 es;
902 2441 967 2505 hoc
981 2441 1087 2524 magis
1097 2440 1279 2506 delectabit
1406 2481 1415 2489 -

172 2538 401 2606 Romanorum
416 2544 509 2621 vitia,
527 2563 603 2628 quae
619 2549 653 2607 et
666 2548 782 2607 nostra
796 2549 885 2620 sunt,
900 2542 1013 2607 mdere
1037 2545 1162 2626 passim
1187 2544 1279 2607 dam·

171 2654 270 2725 nata3
303 2645 459 2710 virtutem
482 2667 562 2711 vero
586 2647 710 2730 ubique
734 2647 922 2724 amabilem,
948 2647 1072 2730 ubique
1095 2647 1278 2727 laudatam.

172 2744 272 2811 Forte
285 2748 387 2812 etiam
400 2749 549 2832 placebit
557 2748 724 2814 diversum
736 2748 885 2813 conferre
896 2750 1067 2833 utriusque
1078 2751 1141 2814 viri
1155 2752 1279 2835 stylum

172 2853 206 2914 et
231 2851 406 2933 ingenium,
421 2852 529 2917 eidem
552 2857 663 2916 tamen
686 2852 806 2917 Satirae
830 2852 932 2916 nihilo
958 2852 1068 2915 secius
1094 2859 1279 2935 operatum.
1370 2868 1376 2877 ’

171 2950 368 3017 Facundum
392 2953 469 3018 hinc
497 2951 651 3034 Podtam
673 2960 711 3019 ut
736 2956 865 3034 acriter,
891 2956 941 3019 sio
965 2961 999 3019 et
1023 2954 1154 3032 diserte,
1170 2955 1279 3019 scelus

170 3057 438 3141 proscribentem,
453 3077 519 3122 non
542 3058 614 3122 sinc
636 3058 809 3142 voluptate
829 3057 1041 3141 comparabis
1057 3077 1133 3121 cum
1146 3076 1281 3122 morosa

170 3157 239 3237 illa,
253 3161 378 3239 stricta,
394 3161 486 3225 salsa
499 3161 676 3226 dicacitate
690 3159 814 3238 Persii,
838 3179 987 3225 severam
1006 3160 1195 3225 Stoicorum
1210 3160 1279 3225 dis-

172 3258 330 3342 ciplinam
353 3267 483 3326 strenue
502 3261 714 3327 venditantis.
761 3261 867 3347 Apud
891 3263 980 3328 huuc
1004 3268 1093 3331 certe
1116 3262 1281 3346 praeclara

171 3365 223 3425 tot
248 3363 424 3448 sapientiae
447 3364 582 3429 oracula
599 3384 667 3429 non
690 3367 922 3449 aspernabere.
966 3363 1069 3448 Apud
1088 3365 1182 3429 illum
1202 3384 1281 3430 vero

173 3482 274 3546 quam
302 3465 407 3531 multa
434 3471 616 3543 occurrent,
640 3465 856 3551 jucundeque
878 3468 978 3549 leges,
1007 3467 1159 3533 felicibus
1186 3467 1280 3532 hisce

171 3567 374 3648 temporibus
389 3568 659 3633 accommodata!
682 3565 773 3633 Haec
795 3569 949 3652 inprimis
971 3568 1160 3634 Lunovror
1184 3588 1276 3652 mag·

170 3666 351 3732 nitudinem
367 3670 593 3736 exhibebunt:

259 3766 306 3832 Et
320 3792 384 3855 spes
398 3783 428 3835 et
441 3771 522 3836 ratio
537 3771 707 3836 studiorum
722 3772 759 3837 ἐπ’
773 3770 893 3839 Carere
907 3783 1040 3853 tuntum,

261 3869 352 3935 Solus
368 3873 448 3937 enim
465 3875 567 3940 tristes
581 3873 639 3939 hec
654 3886 830 3961 tempestate
847 3875 1008 3941 Cumanus

264 3971 426 4061 Respexit„

174 4077 358 4145 Ramista:

258 4180 332 4266 Spes
346 4181 418 4247 vita
434 4206 501 4248 crem
519 4184 589 4250 Sole
604 4185 695 4252 redit.

238 4300 328 4365 Delplr.
338 4306 363 4352 et
378 4299 437 4354 Ver.
450 4303 514 4353 Cleo.
688 4304 745 4354 Jao.
