3059 4925
507 326 705 387 nxcoasos
727 334 778 384 ao
803 335 883 387 sar.
907 336 949 387 rr.
1223 325 1288 393 2⁰9

523 1089 947 1179 EXCURSUS
1069 1127 1071 1133 ’

612 1341 663 1393 ΑΙ)
679 1342 752 1394 8ΑΤ»
768 1343 808 1396 11.
823 1348 849 1396 ⁷.
904 1422 907 1427 Α

223 1600 666 1671 Monoaaernrsestlectio
677 1615 805 1689 puteum
820 1607 919 1675 in59.
931 1611 1025 1678 etssb.
1049 1612 1104 1680 Ita
1117 1616 1189 1703 jam
1203 1620 1283 1688 olim

178 1709 265 1795 conj.
280 1705 398 1773 Vales.
411 1710 445 1770 et
464 1703 579 1771 Graev.
603 1706 662 1788 qui
685 1706 773 1771 idem
788 1718 999 1792 persuaserat
1022 1713 1100 1782 Nic.
1128 1717 1282 1802 Heinsio,

176 1816 216 1899 nt
230 1827 351 1876 sensus
370 1810 433 1875 sit:
451 1804 546 1893 jubet
572 1804 741 1872 Cleanthas
763 1832 886 1875 servare
907 1822 1046 1898 puteum,
1077 1819 1177 1886 habet
1199 1824 1283 1890 ima·

177 1915 271 1998 gines
286 1911 466 1990 Cleanthis,
489 1932 534 1977 ex
548 1917 650 1995 puteo
664 1932 786 1996 aquam
801 1914 993 1996 haurientis,
1017 1921 1071 1984 vol
1093 1921 1282 1991 hauriendis

177 2015 276 2099 aquis
302 2013 392 2099 apud
417 2019 555 2096 putenm
584 2013 713 2077 stantis.
767 2013 859 2080 Nam
888 2015 1077 2099 Cleanthes,
1099 2025 1142 2087 ab
1165 2025 1283 2110 inopia

175 2122 330 2196 vexatus,
342 2120 381 2180 nt
389 2115 532 2181 interdiu
546 2113 668 2181 stodiis
681 2115 848 2186 literarum
863 2137 984 2184 vacare
995 2128 1122 2205 posset,
1145 2145 1282 2211 operam

176 2238 272 2286 snam
284 2220 413 2285 locavit
426 2217 621 2283 Atheniensi
632 2217 777 2296 cuidam,
804 2220 898 2304 cnjus
912 2219 1042 2288 hortum
1055 2232 1159 2291 noctu
1179 2247 1281 2313 aqua,

176 2339 221 2388 ox
235 2321 342 2406 puteis
364 2322 496 2400 hausta,
519 2322 680 2403 irrigaret,
702 2322 790 2386 unde
804 2328 837 2387 et
858 2321 1019 2409 Φρεάντλης
1033 2326 1141 2393 dictus
1154 2336 1224 2398 est:
1247 2353 1281 2397 v.

176 2423 311 2504 Saldae,
335 2423 475 2506 Diogen.
499 2420 609 2488 laert.
625 2426 659 2488 et
678 2421 758 2488 Son.
773 2423 954 2508 Episthh.
999 2427 1041 2494 lo
1055 2432 1187 2498 omnino
1201 2436 1281 2501 arri·

175 2527 252 2593 (lere
266 2532 380 2612 potest
390 2526 608 2591 :sententiam
618 2530 725 2591 tamen
738 2526 829 2591 illam
844 2531 945 2612 paulo
960 2530 1145 2598 durioribus
1159 2536 1281 2603 obscu-
1376 2597 1387 2618 ,

174 2631 383 2714 moribusque
401 2628 513 2694 verbis
528 2646 731 2711 ‘expressam
753 2648 828 2693 esse
851 2629 951 2696 facile
973 2617 1180 2716 intelligitur3
1203 2627 1306 2716 (nisi'

173 2734 258 2801 sorte
270 2741 397 2815 puteum
413 2726 575 2820 Cleanthis
588 2728 775 2811 legendnm)
785 2749 893 2813 neque
903 2732 1041 2815 vulgata
1052 2733 1153 2800 lectio
1167 2736 1281 2824 inepta

172 2835 324 2902 videtur:
364 2829 496 2896 Pluteos
518 2852 547 2896 s.
566 2827 709 2913 pluteum
732 2833 865 2915 proprie
889 2832 1011 2899 dicitur
1033 2853 1136 2913 asser,
1158 2839 1280 2920 parieti
1327 2839 1336 2856 '

17 2903 18 2952 ³
68 2979 75 2992 .
173 2936 306 3014 affixus,
323 2935 376 3001 vel
389 2934 577 3011 armarium,
592 2934 835 3017 repositorium,
850 2935 1019 3015 scrinium,
1040 2937 1159 3020 parieti
1173 2940 1279 3005 inclu-

17 3065 18 3076 κ
172 3058 257 3118 sum,
281 3040 317 3104 in
331 3056 397 3124 quo
411 3037 570 3118 imagines
585 3054 644 3099 scu
666 3035 741 3099 libri
764 3037 1022 3120 reponebantur3
1044 3044 1078 3103 et
1101 3039 1177 3105 hinc
1200 3042 1279 3126 ipsa

172 3160 305 3226 quoque
320 3138 521 3203 bibliotheca
534 3142 592 3204 aut
604 3156 762 3202 museum.
808 3138 867 3203 Sic
879 3139 961 3204 forte
978 3160 1033 3226 ap.
1049 3141 1143 3207 Pers.
1159 3160 1185 3208 1.
1201 3144 1277 3210 106.

41 3245 43 3250 ’
171 3250 205 3310 ct
228 3264 287 3328 ap.
314 3241 428 3310 Sidon.
457 3241 556 3325 cujus
578 3241 681 3306 verba
710 3240 862 3307 Britann.
887 3244 1053 3310 laudavit:
1083 3244 1179 3310 ‘Hic
1200 3245 1281 3311 libri

172 3345 300 3412 affatim
324 3346 360 3409 in
384 3351 533 3428 promtu:
563 3343 675 3408 videre
698 3348 729 3407 te
756 3344 905 3409 crederes
928 3352 986 3411 aut
1008 3339 1277 3428 grammaticales

172 3449 314 3533 pluteos,
338 3453 397 3511 aut
411 3444 565 3510 Athenaei
580 3461 713 3522 cuneos,
737 3450 795 3509 aut
817 3446 958 3510 armaria
972 3452 1143 3513 exstructa
1156 3449 1278 3514 biblio·

170 3550 320 3637 polamm
343 3558 376 3613 et
393 3544 688 3613 bibliothecarum?
731 3546 867 3631 Lipsius
886 3549 921 3612 in
944 3548 1039 3633 Synt.
1061 3550 1103 3615 de
1123 3550 1275 3616 biblioth.

171 3649 201 3717 o.
214 3653 269 3716 10.
290 3651 479 3730 boeotiam
502 3650 598 3716 refert
611 3655 707 3715 vetus
728 3648 903 3729 distichon,
925 3650 1062 3733 imagini
1077 3650 1275 3735 Virgilianae

170 3754 406 3838 subscriptum,
442 3752 571 3818 ‘Lucis
600 3753 722 3818 damna
748 3752 833 3815 nihil
864 3756 956 3817 tanto
983 3771 1124 3818 nocuere
1153 3754 1276 3837 politoe,

171 3855 281 3936 Quem
303 3860 486 3940 praesentat
507 3856 614 3920 honos
640 3855 798 3940 carminis
822 3859 855 3918 et
877 3854 1005 3939 plutei,'
1031 3855 1077 3933 (h.
1091 3875 1122 3920 e.
1145 3856 1276 3921 videtur

159 3960 295 4040 livere,
322 3959 382 4042 qui
404 3957 556 4024 inlibris
580 3963 626 4023 eh
641 3959 785 4042 imagine
805 3955 907 4042 vivit)
933 3962 966 4022 et
989 3953 1096 4042 sigillo
1119 3953 1276 4040 pluteoh'o

171 4081 226 4146 ap.
241 4060 314 4126 Cic.
329 4060 375 4130 ad
389 4059 461 4128 Att.
478 4076 503 4126 r.
518 4061 572 4126 10.
594 4060 653 4128 ubi
674 4066 787 4126 tamen
812 4055 930 4143 optimi
952 4059 1030 4125 libri
1050 4055 1193 4145 sigillata
1211 4079 1274 4146 pu·

171 4161 446 4230 aaziaexhibent
845 4217 849 4228 .
897 4181 902 4220 ss
926 4190 928 4194 ’

235 4281 359 4346 nepaes
374 4282 510 4335 Vacca».
686 4282 743 4333 aaa
1183 4278 1209 4331 0
