3059 4925
247 367 294 436 te
753 359 842 459 vrri
904 417 907 422 ⁴

244 525 417 609 poblicum
430 522 608 600 amittenti.
652 517 734 588 lude
746 528 877 602 tantus
891 524 948 589 ille
968 525 1172 590 recitantium
1185 544 1350 602 numerum

246 627 287 696 de
302 648 370 713 quo
385 628 419 691 in
433 628 539 710 prima
553 626 676 704 Satira,
699 645 777 691 cum
797 646 875 711 spes
894 615 959 691 'illa
985 626 1071 691 lucri
1092 632 1278 711 appareret,
1298 627 1351 692 dia

244 736 333 800 tana
357 731 574 815 professores,
614 730 663 793 uti
687 729 845 821 vidimus
878 728 1064 794 Hadriano.
1118 727 1243 793 Omnes
1263 731 1350 812 ergo

246 834 373 907 Satires
397 834 459 898 sub
485 831 659 898 Hadriano
683 831 790 898 editas
814 833 1057 910 existimamus,
1079 850 1143 896 non
1164 837 1349 914 postrenum

246 935 485 1011 tantumodo,
507 939 544 1000 ut
558 934 662 1000 voluit
677 933 873 1000 Salmasius.
918 933 1064 999 Paratae
1077 935 1162 998 enim
1187 933 1231 997 ad
1253 934 1350 998 edin

246 1057 343 1104 onem
356 1057 424 1102 uno
438 1037 620 1121 eodemque
630 1040 775 1119 tempore
790 1036 894 1101 fuisse
907 1036 960 1101 vel
974 1036 1053 1101 illud
1069 1036 1187 1117 arguit,
1202 1036 1291 1120 qnod
1303 1034 1350 1098 bie

245 1140 320 1206 illas
333 1149 439 1224 terque
453 1138 608 1202 recitaret.
653 1137 733 1202 Non
748 1139 876 1203 scilicet
891 1140 1038 1214 seorsim,
1061 1131 1125 1202 sed‘
1142 1139 1218 1202 nnis
1244 1140 1349 1203 confi-

242 1243 380 1325 nuisque
394 1241 657 1317 recitationibus,
672 1260 755 1325 quas
770 1241 902 1326 quidem
917 1247 994 1305 ante
1007 1242 1143 1304 exilium
1155 1242 1347 1324 scripserat,

243 1344 426 1412 universas.
456 1341 609 1427 Cumque
621 1342 680 1408 diu
696 1362 733 1407 se
747 1362 770 1407 a
782 1344 973 1410 recitatione
986 1343 1192 1421 mntiuuerit
1203 1343 1349 1426 proinde

246 1447 324 1514 unni
348 1461 484 1510 oxv111.
507 1445 582 1522 fine,
605 1444 697 1512 feriis
719 1444 884 1523 fortassa'
898 1463 981 1528 quas
1010 1445 1260 1510 recitationibus
1280 1446 1351 1530 ple·

108 1571 111 1576 ·
245 1567 386 1631 rumque
400 1548 537 1625 dabant,
548 1548 816 1623 vindemialibus,
831 1566 898 1611 non
912 1555 1021 1611 alutem
1033 1549 1170 1625 aestivis
1185 1548 1349 1613 recitavit

247 1647 394 1728 Ultimas
410 1649 537 1716 Satires
551 1670 572 1713 a
587 1666 674 1716 xttl.
691 1657 759 1716 turn
773 1657 862 1716 corte
876 1651 1018 1732 scriptas
1035 1656 1114 1714 nota
1133 1650 1191 1714 illa
1211 1669 1351 1732 sexage-

246 1751 323 1818 simi
338 1771 359 1817 a
375 1751 505 1818 Fonteii
520 1754 695 1818 consulatu
710 1754 786 1816 anni
811 1752 918 1829 docet,
940 1752 1042 1817 ctiam
1061 1753 1254 1816 observante
1277 1750 1351 1816 Sal.-

245 1855 363 1922 masin
417 1851 474 1922 Ad
502 1855 641 1941 Trajani
666 1857 766 1922 etiam
788 1861 940 1938 tempora
970 1854 1125 1919 exeuntia
1152 1855 1351 1937 sperabant

245 1964 334 2022 terre
349 1968 447 2022 motus
460 1958 520 2036 illi,
533 1978 672 2043 quorum
688 1961 812 2025 mentm
827 1958 972 2022 occmnt
985 1957 1019 2019 in
1033 1955 1171 2021 Satur.
1183 1957 1259 2021 too.
1271 1957 1349 2022 elo.

244 2058 439 2130 observante
454 2061 583 2145 Lipsio.
628 2062 709 2127 Erat
732 2062 820 2126 enim
842 2065 937 2126 terrm
964 2064 1074 2123 motus
1093 2058 1153 2122 ille
1177 2078 1264 2123 anno
1287 2078 1349 2143 pre

140 2224 143 2228 .
244 2164 364 2228 nostris
394 2164 533 2230 calculis
558 2179 665 2228 extr.
690 2170 841 2241 exeunte,
869 2182 931 2247 pro
954 2162 1097 2245 receptis
1126 2165 1237 2226 autem
1260 2176 1350 2225 cxv.

245 2264 360 2332 itidem
374 2271 522 2332 exeunte.
566 2266 619 2331 Et·
628 2263 812 2329 Frontonem
827 2267 931 2342 illum,
956 2266 1052 2350 cujus
1067 2260 1198 2347 platani
1213 2269 1246 2328 et
1266 2283 1353 2328 mar·

245 2384 338 2432 mora
359 2369 527 2450 perpetuis
548 2368 723 2452 poetarum
748 2369 1000 2434 recitationibus
1023 2369 1197 2444 sonabant,
1231 2371 1269 2430 ut
1289 2383 1350 2429 nos

227 2467 345 2557 'docet
368 2469 541 2536 luvenalis
565 2472 642 2555 ipso
667 2471 738 2536 Sat.
755 2488 778 2534 ι.
804 2471 911 2548 initio,
936 2490 1005 2535 non
1028 2470 1131 2535 alium
1150 2468 1308 2533 existimo
1329 2485 1353 2531 a

246 2571 459 2641 celeberrimo
482 2573 621 2640 Oratore
636 2571 687 2657 Μ.
706 2570 1036 2650 CornelioFrcntoae,
1060 2569 1170 2635 Marci
1189 2569 1352 2652 Luciique

245 2671 485 2741 Antoninorum
501 2675 677 2758 Magistro,
701 2679 759 2761 qui
777 2679 841 2741 sub
862 2675 1038 2742 Hadriano
1052 2674 1223 2758 precipue
1237 2677 1272 2736 et
1285 2671 1352 2736 Pio

246 2779 279 2843 a
293 2773 410 2844 Marco
425 2777 545 2856 flonut,
567 2797 607 2842 ne
623 2779 667 2843 ad
688 2784 837 2863 tempma
851 2777 1025 2842 Hadriano
1041 2776 1229 2859 antiquiora
1245 2774 1353 2857 possit

245 2878 416 2945 commode
429 2880 551 2945 reterri.
589 2881 791 2947 Vidit‘illum
806 2886 893 2946 certe
908 2879 1102 2962 audivitque
1116 2877 1178 2942 sub
1192 2876 1259 2940 Pio
1270 2874 1353 2940 Gel-

244 2979 324 3049 lius1
364 2979 486 3065 (Noct.
504 2986 575 3050 Att.
602 2999 690 3049 ιιιιι.
711 2983 766 3050 ffl.
791 2999 878 3047 xrx.
901 2982 934 3047 8.
950 2983 1003 3051 10.
1018 2977 1092 3064 la.)
1134 2978 1353 3062 Consulatum

246 3086 356 3149 autem
370 3084 613 3168 sub'discipulo
623 3088 740 3168 gessit,
762 3091 800 3150 ut
820 3085 962 3162 videtur,
986 3082 1116 3148 Marco.
1161 3080 1274 3158 Erant,
1293 3079 1354 3144 ⁴fa-

245 3186 327 3259 tena
358 3184 414 3249 alii
438 3204 570 3270 quoque
594 3189 659 3252 illis
679 3189 885 3274 temporibus
901 3184 1080 3264 Frontone,
1103 3190 1141 3251 ut
1163 3180 1354 3249 observavit
1386 3212 1388 3217 ·

246 3283 327 3351 olim
352 3286 395 3351 ad
419 3287 530 3374 locum
556 3278 700 3373 junioris
726 3290 827 3356 Plinii
852 3289 1044 3355 Catauoeus.
1089 3288 1132 3353 In
1159 3286 1226 3350 illis
1249 3285 1352 3349 etiam

246 3383 372 3453 Fronto
387 3386 505 3455 Catius
520 3392 582 3454 sub
596 3391 743 3476 Trojano
757 3391 878 3459 Orator
900 3397 933 3457 et
953 3393 1028 3476 ipse
1039 3396 1074 3455 et
1086 3391 1227 3455 Senator
1241 3385 1353 3452 Plinio

246 3488 312 3572 ipsi
321 3508 457 3556 coaevus
480 3496 525 3557 et⁴
537 3494 581 3557 ab
603 3513 644 3559 eo
665 3515 735 3559 non
746 3514 813 3559 uno
827 3495 863 3559 in
873 3496 950 3559 loco
964 3499 1176 3557 memoratus.
1209 3487 1294 3574 (Ep.
1311 3504 1352 3553 11.

246 3591 298 3655 11.
317 3608 368 3656 ιν.
382 3593 418 3659 9.
434 3611 486 3658 vr.
499 3591 571 3678 le.)
600 3596 700 3662 Illum
716 3598 930 3682 grandevum
945 3594 1348 3675 communicassemu-

245 3697 303 3769 tet,
325 3695 356 3757 si
373 3693 482 3761 Marci
496 3702 646 3782 tempora
666 3702 821 3785 attigerit,
844 3700 875 3764 si
895 3699 996 3785 Plinii
1019 3689 1167 3780 ternpore
1189 3697 1288 3759 atate
1301 3691 1354 3756 fu·

245 3796 308 3864 erit
320 3800 496 3867 senatoria.
522 3799 736 3887 Ermdemqae
750 3818 830 3867 sane
844 3800 984 3866 eredidit
997 3796 1187 3864 Catuuaeus.
1225 3793 1352 3862 Nescio

246 3919 290 3965 au
302 3908 401 3967 recte.
446 3901 514 3966 Sed
528 3908 714 3987 temporum
727 3906 825 3982 ratio,
847 3909 882 3969 et
901 3904 998 3966 favor
1011 3901 1047 3966 in
1065 3900 1158 3965 illurn
1173 3895 1351 3973 Hadriani,

246 4006 279 4067 et
301 4022 363 4085 par
386 4003 580 4068 adeoillius
602 4007 637 4070 in
664 4007 810 4072 literatos
826 4006 972 4075 studium
993 4003 1028 4068 id
1051 4000 1205 4077 efficiunt,
1227 4003 1264 4065 ut
1285 4014 1353 4063 uon

246 4104 350 4171 alium
371 4106 465 4170 illum
484 4106 589 4172 iuuisse
603 4109 876 4177 verisimillimum
893 4108 938 4172 sit
960 4126 983 4170 a
1005 4102 1117 4169 Marci
1130 4103 1349 4185 praeceptore,
1421 4140 1425 4147 -

246 4206 288 4272 de
309 4227 376 4290 quo
396 4208 540 4292 loquitur
552 4208 734 4276 luvenalis.
779 4211 822 4276 ld
843 4215 954 4274 tamen
966 4206 1137 4291 precipue
1152 4200 1280 4280 suada,
1302 4198 1356 4268 uti
