3059 4925
509 350 648 417 onnon,
671 349 717 402 ur
738 350 964 405 sovnuanrs.
1217 333 1283 406 1⁰8

225 496 292 564 His
305 496 505 581 temporibus
517 497 632 563 vixero
646 496 826 577 Prasios,
852 498 913 584 qui
924 515 1028 565 annos
1044 495 1104 564 vix
1116 493 1283 565 duodetri-

177 599 273 681 pinta
285 603 384 665 nutus
397 601 480 665 obiit
490 617 577 665 nono
590 599 731 683 imperio
742 598 888 664 Neronis
900 618 999 678 auno,
1008 605 1042 664 et
1051 599 1074 665 J
1077 615 1282 679 vvurtum,

181 701 241 785 qui
254 702 482 782 octogenarius
495 702 539 765 ab
555 699 730 766 Hadriano
753 702 789 765 in
803 701 986 787 AEgyptum
999 702 1121 766 missus
1132 706 1165 766 et
1177 702 1283 785 paulo

179 808 261 886 post
277 806 426 868 mortuus
440 809 503 869 cst.
547 802 609 869 Itte
622 802 810 869 Volaterris
832 805 868 868 in
887 802 1021 869 Etruria
1040 803 1145 867 nobili
1167 821 1286 886 genera

176 903 291 983 ‘uatus
313 905 502 989 opibusque
515 907 645 989 magnis
656 906 848 985 mannitus,
867 903 1120 991 postea'Romae
1135 904 1285 989 discipli·

180 1023 227 1070 na
239 1024 321 1071 usus
335 1012 387 1071 cst
400 1006 602 1073 Palaemonis
613 1007 758 1092 primum
772 1007 978 1091 grammatici
991 1012 1025 1076 et
1037 1005 1189 1090 Verginii
1202 1005 1285 1071 Ruti

180 1106 331 1186 rhetoris,
345 1108 388 1172 ab
402 1127 489 1173 anno
503 1114 615 1179 autern
629 1110 740 1175 aemds
754 1109 886 1174 docimo
899 1114 996 1174 scxto
1010 1107 1131 1174 Annaei
1146 1106 1285 1174 Cornuti

181 1209 371 1293 philosophi
385 1211 502 1290 Stoici,
517 1213 614 1297 cujus
626 1212 721 1278 lutari
735 1212 879 1278 adhaesit
892 1217 1063 1296 perpetuo.
1100 1209 1179 1278 Fuit
1191 1230 1285 1278 vero·

181 1311 316 1375 cundiae
338 1312 517 1395 virginalis,
538 1311 585 1400 (si
609 1313 770 1380 Suetonio
793 1315 848 1380 vet
872 1314 1002 1379 auctori
1015 1314 1097 1379 vitas
1110 1312 1185 1399 ojus
1200 1311 1286 1379 fides

181 1410 352 1497 habenda)
367 1414 487 1479 mentis
500 1434 668 1499 genem
690 1415 781 1481 etad
796 1415 1002 1482 severitatem
1017 1415 1191 1501 pronioris,
1213 1432 1287 1480 mo-

182 1532 257 1578 rum
270 1515 564 1595 sanctissimorum,
579 1517 636 1581 uni
651 1536 769 1601 aequus
783 1518 896 1584 virtuti
909 1523 944 1583 ot
956 1522 1116 1584 constans
1128 1515 1287 1583 vitiorum

181 1612 300 1693 hostis,
327 1616 386 1682 sed
405 1617 535 1683 felicior
547 1617 631 1684 forte
646 1617 795 1684 Zenonis
808 1623 843 1684 et
855 1617 1048 1705 Chrysippi,
1069 1637 1171 1703 quam
1186 1617 1288 1684 Luci·

182 1715 221 1780 lii
232 1722 267 1782 et
282 1717 415 1782 Horatii
426 1718 582 1786 imitator.
618 1718 741 1784 Satirae
757 1719 831 1803 ejus
839 1738 919 1800 non,
930 1728 967 1786 ut
981 1720 1190 1801 Horatiana,
1204 1739 1286 1788 mox

182 1818 220 1884 in
232 1820 353 1901 vulgus
367 1819 557 1900 edebantur,
577 1821 638 1887 sod
655 1822 795 1905 singulas
809 1822 928 1888 amicis
941 1828 1082 1901 mutum,
1097 1822 1218 1907 quibus
1230 1840 1288 1889 ea·

183 1916 261 1985 dem
275 1927 348 1986 crat
362 1941 464 2003 mens,
485 1923 573 1989 etde
588 1944 728 2008 quorum
742 1923 810 1992 fido
831 1924 901 2009 ipsi
915 1924 1101 2002 constabat,
1126 1921 1287 2002 Cornuto,

183 2018 309 2100 Basso,
333 2021 445 2089 Plotio
467 2023 621 2090 Macrino
634 2030 669 2091 ot
682 2025 770 2105 aliis,
793 2026 1047 2103 innotescebant,
1069 2029 1232 2089 ctomnos
1245 2043 1289 2090 eo

183 2119 318 2188 domum
329 2128 459 2189 mortuo
472 2123 736 2210 divulgabantur,
755 2146 855 2212 quam
869 2126 914 2191 ob
929 2145 1065 2192 causam
1077 2126 1181 2191 libere
1194 2127 1289 2210 pota·

184 2228 238 2288 rat
250 2224 409 2304 scribere,
431 2226 600 2313 quicquid
611 2226 793 2311 indignatio
811 2228 960 2294 dichrd.
1002 2225 1179 2296 Juvennns
1191 2225 1289 2307 ouili,

688 2470 797 2525 NOTAE

184 2590 293 2642 ulnera
304 2608 352 2658 pro
363 2596 483 2648 libertate
499 2599 605 2663 publica
615 2601 719 2667 excepi,
757 2599 983 2653 eulinshabitsnt.
1014 2598 1085 2652 Pace
1102 2603 1192 2651 vestre
1211 2594 1291 2650 deest

184 2666 718 2740 huncocninmprosobisimpeudi-Haec
757 2679 864 2744 dixisse,
885 2679 963 2744 primi
981 2678 1093 2729 omnium
1116 2677 1292 2743 eloquentiam

20 2706 22 2731 ξ
94 2744 97 2748 ’
183 2745 241 2810 ipsa
255 2748 403 2801 tolerabitis
413 2758 510 2817 emat,
520 2753 719 2820 siadeioqueu·
757 2755 916 2822 perdidistis.
947 2753 1060 2804 invitm
1068 2750 1292 2817 mimatensis»

185 2821 250 2897 ham
267 2823 343 2876 ituris
361 2827 430 2877 vium
445 2826 581 2880 facerent:
607 2844 674 2881 nunc
690 2836 719 2883 et
758 2832 834 2883 nibus
856 2831 923 2882 sonis
949 2829 1061 2880 ludibria
1083 2826 1202 2894 quadam
1223 2825 1293 2879 escl-

185 2910 273 2951 rcrum
291 2904 403 2968 tumore,
425 2912 453 2956 et
471 2907 657 2957 sententiarum
675 2921 719 2957 ss·
758 2909 838 2959 tando
856 2905 988 2970 effecistis,
1006 2911 1037 2955 ut
1057 2917 1150 2968 corpus
1167 2900 1292 2953 orationis

184 2977 291 3035 sissimo
309 2982 422 3047 strepitu
439 2983 487 3034 boc
503 2989 604 3034 uotum
618 2981 719 3047 proiici-
759 2988 965 3035 enervareturet
979 2980 1096 3031 cederet.
1119 2977 1244 3029 Nondum
1248 2977 1293 3043 ju'·

186 3062 242 3118 unt,
257 3062 297 3120 ut,
313 3072 372 3108 com
384 3059 411 3108 in
427 3059 511 3110 forum
528 3058 658 3122 venerint,
673 3072 720 3123 pu·
758 3075 838 3111 venes
845 3056 1074 3111 decimationibus
1082 3054 1295 3120 conterebantur,

186 3135 291 3183 tentae
309 3134 335 3184 in
351 3136 565 3187 siinmterrarum
576 3134 665 3186 orbem
676 3135 721 3185 de·
759 3132 969 3199 cumSophocles
984 3138 1030 3182 sut
1042 3130 1178 3196 Euripides
1189 3129 1295 3182 invene·

109 3245 115 3251 .
187 3208 263 3261 istos.
296 3212 332 3261 Et
359 3213 420 3263 ideo
446 3227 495 3278 ego
515 3211 721 3262 adolescentulos
760 3218 823 3264 runt
843 3210 934 3275 verba,
954 3210 1048 3277 quibus
1067 3209 1193 3260 deberent
1213 3207 1294 3275 ioqui.

187 3285 308 3337 existimo
324 3286 352 3336 in
369 3288 463 3338 scholis
478 3287 641 3338 stultissimos
654 3284 722 3348 deri,
760 3288 882 3342 Nondum
902 3287 1058 3339 umbraticus
1078 3283 1172 3336 timor
1191 3281 1295 3348 ingenit

189 3358 722 3430 quisuibiicxiis,quseinusubabenus,
761 3367 905 3429 deleverat,
919 3379 980 3415 com
1000 3362 1128 3414 Pindarus
1149 3373 1295 3426 novemque

189 3446 235 3490 aut
244 3440 362 3505 andiunt,
378 3448 423 3492 sut
439 3442 545 3505 videut3
562 3440 607 3491 sed
622 3440 722 3506 piratas
762 3442 850 3508 Lyrici
861 3440 1007 3493 Homericis
1023 3437 1140 3489 versibus
1156 3449 1250 3488 unere
1263 3435 1295 3485 ti·

189 3529 247 3565 cnm
259 3517 358 3566 catenis
373 3516 399 3565 in
415 3517 505 3568 littore
521 3522 629 3578 stantes,
639 3521 667 3565 et
682 3523 723 3581 ty·
762 3524 891 3570 mueront.
922 3518 959 3568 Et
975 3530 1009 3566 oe
1026 3514 1118 3580 poitss
1137 3513 1241 3580 quidem
1260 3510 1294 3562 ad

73 3586 77 3593 “
109 3580 114 3587 ’
189 3604 283 3642 nouos
299 3592 387 3644 edicta
405 3593 557 3657 scribentes,
570 3592 663 3657 quibos
676 3593 724 3642 im·
762 3592 1120 3656 testimouiumcitem,eerte
1135 3588 1296 3656 nequel'is·

190 3667 725 3734 perentiiliis,ntpatrumsuorumcapits
762 3678 835 3735 tona,
855 3684 941 3736 neque
961 3667 1164 3720 Demosdreneru
1185 3664 1220 3717 s'd
1246 3666 1296 3716 boc

192 3745 353 3809 praecidam
370 3745 416 3796 sed
430 3761 555 3811 responsu
564 3747 591 3796 iu
602 3746 724 3810 pestileo-
764 3761 846 3811 penus
856 3742 1049 3797 exercitationis
1059 3741 1199 3793 accessisse
1210 3739 1296 3791 ridco.

184 3822 229 3889 „sia
246 3820 317 3886 dats,
327 3828 357 3871 ut
375 3822 488 3886 virgines
503 3828 558 3872 tres
575 3827 621 3872 aut
637 3821 725 3886 piures
763 3822 887 3886 Grandis,
896 3826 932 3885 et,
942 3824 972 3871 nt
982 3819 1020 3870 its
1031 3817 1124 3881 dium,
1135 3816 1230 3882 pudiea
1240 3828 1296 3865 ors·

192 3897 375 3960 immotantur,
397 3899 444 3948 sed
458 3897 572 3949 mellitos
587 3895 726 3946 verborum
763 3899 802 3950 tio
812 3913 862 3949 non
873 3903 914 3949 est
923 3896 1055 3946 maculosa
1066 3907 1116 3944 nce
1125 3890 1239 3956 turgida,
1249 3889 1297 3940 scd

193 3974 317 4040 globulos,
337 3982 366 4027 et
392 3974 479 4025 omnis
504 3973 576 4024 dicta
602 3971 725 4039 factuque
763 3973 875 4025 naturali
886 3969 1076 4038 pulchritudine
1085 3968 1209 4033 exsurgit
1241 3965 1297 4017 Nu·

193 4051 268 4115 quasi
279 4056 655 4116 papavereetsessmospsrsa.
672 4049 726 4102 Qui
763 4065 813 4116 per
822 4056 932 4101 ventosa
941 4047 1032 4098 isthoc
1047 4050 1076 4096 et
1091 4043 1200 4095 enormis
1210 4042 1298 4108 loquo·

197 4127 264 4178 inter
282 4127 339 4178 bac
353 4128 508 4192 nutriuntur,
518 4141 570 4177 nou
587 4127 670 4191 mgis
687 4141 727 4177 ss·
764 4125 831 4177 citas
846 4125 969 4176 Athenas
981 4137 1015 4173 ex
1031 4119 1095 4172 Asis
1109 4117 1298 4184 commigravit,

199 4218 258 4271 pete
267 4212 467 4274 possuntqnsm
476 4204 542 4257 bene
553 4205 636 4270 olere,
643 4203 726 4271 quiin
766 4203 914 4269 minosqm
929 4200 1056 4265 Juvenum
1076 4194 1111 4247 sd
1130 4198 1224 4263 ηιμ
1242 4208 1298 4249 w.
