3059 4925
240 358 262 425 8
692 366 901 422 PRAEFATIO.

239 544 280 590 eo
294 520 437 588 lucidior
451 524 538 585 esset
556 520 658 584 series
681 521 940 598 annotationum,
954 525 1132 605 nostraque
1146 521 1281 610 facilins
1295 520 1343 590 ab

239 627 355 691 alienis
379 624 521 688 discerni
543 624 763 706 possent,an
787 621 1032 688 Commentario
1047 625 1255 708 subjicienda
1267 647 1342 692 cena

239 730 302 807 sui,
317 731 403 793 bunc
418 748 510 805 vero,
526 747 603 791 cum
616 726 779 809 prolixior
792 731 891 804 esset,
907 746 1008 810 quam
1024 732 1073 805 ut,
1094 727 1137 790 ad
1151 729 1342 813 exemplum

237 832 371 915 Virgilii
384 821 554 915 Heyniani
567 831 737 914 nostrique
753 830 841 907 Silii,
864 831 990 894 criticis
1014 831 1259 896 subnecteretur
1279 852 1340 897 no·

237 937 291 1013 tis,
312 936 355 998 ab
370 935 412 998 iis
427 931 661 1017 sejungendum
675 933 791 997 curavi
806 937 838 994 et
855 932 1033 1015 separatim
1048 934 1139 1016 typis
1153 936 1343 1016 exprimen-

213 1037 328 1103 dum.
386 1037 428 1101 In
456 1037 591 1102 easdem
617 1041 727 1114 notas,
758 1038 990 1100 commentario
1018 1056 1186 1119 aspersas,
1210 1038 1340 1122 conjeci

235 1147 304 1205 tum
333 1139 491 1223 exempla
519 1138 673 1203 dictionis
700 1138 843 1221 alicujus
868 1143 925 1201 aut
953 1137 1136 1221 elegantia,
1167 1147 1237 1204 tum
1263 1141 1341 1204 loca

233 1249 378 1307 ueterum
406 1244 613 1327 scriptorum,
640 1242 674 1305 in
703 1241 803 1305 rebus
830 1240 1011 1317 historicis,
1027 1241 1269 1324 geographicis,
1295 1262 1339 1306 ac

233 1345 389 1431 mythicis
415 1365 436 1408 a
461 1365 514 1409 me
541 1345 688 1409 laudata.
747 1343 879 1407 Horum
912 1342 995 1407 forte
1021 1363 1089 1407 non
1118 1343 1254 1410 deerunt
1281 1345 1341 1427 qui

185 1444 187 1448 ’
232 1449 369 1513 nimiam
382 1448 619 1532 reprehendant
634 1448 785 1531 copiam:
819 1466 892 1511 eam
916 1452 1026 1511 tamen
1049 1467 1090 1510 ex
1115 1466 1203 1511 vano
1229 1447 1339 1511 erudi-

232 1552 334 1615 tionis
349 1550 555 1615 ostentandae
571 1551 684 1616 studio
699 1550 883 1635 profectam
898 1549 1081 1614 existimari
1095 1551 1217 1631 nolim;
1240 1557 1274 1615 et
1284 1570 1339 1615 res

227 1654 355 1738 justam
373 1655 622 1718 excusationem
644 1654 765 1717 habere
785 1652 926 1717 videtur.
971 1651 1121 1715 Primum
1135 1653 1224 1716 enim
1246 1653 1337 1716 baud

229 1756 407 1834 dissimilo,
433 1777 487 1820 me
513 1778 643 1822 omnem
666 1756 798 1821 dedisse
821 1775 967 1839 operam,
990 1761 1028 1820 ut
1054 1775 1156 1838 quam
1180 1754 1337 1839 plurimis

230 1859 479 1941 satisfacerem
500 1880 606 1943 neque
620 1879 699 1925 vero
713 1858 919 1942 ignorabam,
928 1858 1109 1941 permultos
1123 1858 1223 1921 etiam
1236 1856 1338 1922 hodie

230 1979 306 2025 esse
337 1963 429 2027 viros
458 1963 683 2040 doctissimos,
710 1962 831 2046 quibus
858 1961 933 2024 baec
955 1980 1065 2024 rerum
1092 1961 1337 2043 verborumque

229 2062 497 2129 illustrandomm
521 2066 606 2129 ratio
632 2063 784 2142 arrideat,
821 2082 897 2148 quae
927 2063 1006 2127 olim
1035 2061 1149 2129 Nicol.
1179 2062 1336 2141 Heinsio,

230 2163 1338 2249 BurmannisBroeckhusio,Schradero,D1akeuborcbio,aliisque

227 2268 340 2350 magni
354 2269 496 2332 nominis
506 2269 694 2334 hominibus
707 2271 930 2354 probabatur:
952 2288 1093 2355 quorum
1110 2274 1221 2332 tamen
1234 2268 1336 2333 vesti·

229 2370 285 2450 gia
306 2371 437 2435 nonita
459 2376 591 2436 secutus
615 2390 700 2451 sum,
718 2377 756 2436 ut
782 2372 939 2454 exempla
960 2375 1085 2435 tautum
1108 2369 1337 2452 exquisitioris

224 2471 389 2557 loquendi
411 2474 527 2539 formae
557 2478 768 2555 cumularem,
794 2477 885 2541 nulla
905 2476 1024 2542 habita
1051 2475 1179 2539 ratione
1201 2474 1336 2555 originis
1418 2521 1420 2525 «

228 2574 304 2660 ejus
318 2577 370 2667 vel
385 2596 511 2656 causae,
524 2577 648 2643 indolis
663 2598 704 2643 ac
724 2579 946 2663 significatus,
959 2597 1022 2642 nec
1037 2578 1205 2642 admonito
1227 2577 1268 2639 de
1291 2577 1337 2641 iis

227 2677 361 2756 lectore,
376 2681 442 2743 nisi
455 2680 539 2745 forte
557 2681 617 2746 illa
629 2682 684 2746 vel
702 2703 747 2747 ex
771 2683 857 2747 locis
868 2682 1033 2765 ascriptis
1047 2681 1131 2745 satis
1144 2679 1282 2761 intelligi
1303 2682 1337 2743 et

225 2778 409 2863 legentibus
428 2784 501 2869 jam
519 2784 583 2850 bac
599 2786 848 2868 compendiaria
868 2787 935 2863 via,
956 2804 1024 2868 qua
1037 2784 1160 2848 chartae
1174 2782 1334 2866 parcitur,

226 2881 261 2947 in
275 2885 467 2950 memoriam
480 2889 630 2952 revocari
641 2896 791 2972 possent,
805 2890 859 2954 vel
878 2889 927 2952 ibi
943 2889 985 2951 ab
999 2887 1088 2964 aliis,
1109 2904 1249 2969 quorum
1264 2885 1335 2949 edi-

227 2983 385 3052 bonosae
405 2987 480 3053 libri
495 2989 642 3053 omnium
654 2991 722 3055 fere
735 2993 889 3056 manibus
899 2994 1055 3068 teruntur,
1075 2988 1148 3073 jam
1162 2987 1335 3070 explicata

225 3093 349 3152 essent.
394 3090 526 3156 Deinde
538 3093 573 3157 in
587 3092 781 3159 doctissimo
792 3093 895 3178 poita
906 3090 1150 3176 interpretando
1163 3090 1333 3167 versabar,

225 3185 262 3251 in
276 3209 342 3272 quo
355 3191 551 3260 adhibendae
570 3196 646 3260 talis
672 3196 864 3261 eruditionis
878 3196 1021 3260 facultas
1035 3200 1068 3260 et
1081 3192 1189 3277 major
1203 3196 1284 3270 erat,
1300 3196 1334 3256 et

226 3290 336 3373 aptior
349 3297 447 3377 atque
461 3296 582 3362 utilior.
638 3297 809 3364 Praeterea
821 3299 856 3362 id
871 3300 936 3381 egi,
952 3302 1069 3362 utnon
1085 3298 1206 3361 tirones
1219 3294 1332 3373 modo,

224 3389 443 3461 sederuditos
457 3416 587 3482 quoque
600 3398 749 3467 homines
775 3406 809 3465 et
829 3400 1015 3485 juventutis
1037 3399 1247 3484 potissimum
1259 3417 1332 3461 ma·

224 3491 345 3576 gistros
359 3517 466 3565 meam
481 3499 505 3565 J
506 3501 657 3567 uvenalis
671 3503 852 3571 editionem
867 3504 1077 3571 consuluisse
1094 3500 1183 3566 baud
1196 3501 1332 3565 omnino

724 3672 833 3727 NOTAE

223 3782 272 3834 ‘ct
292 3800 377 3853 usum,
402 3791 644 3862 constituunturque
671 3800 757 3851 omnia
796 3798 919 3848 ‘diesin
935 3797 1062 3863 majorem
1078 3799 1238 3848 contemtum
1250 3791 1330 3844 addu-

222 3860 290 3921 ‘sic,
308 3870 376 3914 utet
393 3866 425 3916 iis
440 3869 572 3935 capiendis
584 3888 633 3938 par
649 3877 684 3926 sit
702 3879 755 3928 uni-
796 3879 889 3927 ‘catur
909 3892 924 3927 a
940 3875 1003 3926 vltis
1019 3872 1201 3940 prudentibus,
1219 3886 1265 3921 seu
1284 3871 1331 3936 qui

222 3937 300 3988 ‘mus
312 3947 340 3990 et
350 3956 413 3993 vero
422 3945 500 3996 etiam
511 3951 605 3999 ceteris
614 3951 755 4018 disciplinis
795 3957 803 3984 ‘
816 3954 865 4004 sibi
876 3952 1017 4017 prudenter
1035 3951 1166 4014 videntur,
1181 3948 1225 4011 qui
1244 3947 1330 3998 omnic

222 4012 420 4081 ‘percipiendis
436 4024 498 4073 satis
508 4032 581 4076 recte
592 4042 686 4078 vacare
697 4045 754 4095 pos·
795 4030 848 4079 ‘ad
864 4029 926 4079 vita
946 4043 1020 4079 usum
1039 4026 1139 4076 referre
1158 4024 1259 4088 volunt,
1279 4037 1330 4072 nec

221 4089 230 4119 ‘
242 4091 293 4143 sit:
317 4094 384 4160 baec,
394 4098 508 4166 inquam,
522 4104 572 4153 nisi
582 4111 684 4156 mature
695 4121 755 4171 pro·
788 4108 802 4133 ·‘
814 4107 904 4170 literis,
913 4107 964 4155 nisi
981 4120 1015 4155 ex
1031 4103 1156 4154 utilitatis
1166 4115 1259 4164 messe,
1269 4114 1328 4165 quae

221 4168 388 4237 'videantua
406 4191 508 4241 vereor,
526 4193 559 4230 ne
575 4182 689 4233 studium
705 4183 754 4235 hoo
794 4185 872 4234 ‘cun
890 4185 947 4249 ipsa
962 4183 1063 4234 sabone
1081 4180 1170 4231 statim
1186 4177 1328 4241 conjuncto.

213 4242 228 4282 1⁴
241 4245 392 4304 Graecsrnm
398 4258 425 4305 ct
430 4254 579 4310 Latinarum
585 4258 718 4313 literarum
725 4261 753 4313 in
793 4260 977 4330 ‘dapmnum
987 4258 1124 4313 statuimt'
