3059 4925
459 403 462 410 ·
561 383 831 460 'noninonutt
1199 391 1243 465 81

140 549 265 637 insigni
278 554 391 618 favore
404 552 595 638 amplexum
605 574 681 622 esse
690 556 830 635 Mimos,
840 561 874 622 et
880 556 985 643 patrio
993 577 1128 622 sermore
1139 560 1244 642 scrip-

94 641 104 665 Χ
140 658 227 724 sisse
242 653 390 742 κωμῳδίας
398 654 566 743 σατυρικοῖς,
581 658 652 725 he.
664 660 796 738 mimos,
810 659 993 727 imitatione
1006 681 1186 746 expressos
1199 680 1246 726 ex

140 758 291 830 dramate
315 756 512 826 Graecorum
525 763 867 848 comico·'satyrico:4⁴
896 783 973 847 quae
997 763 1080 834 forte
1093 765 1246 849 explica·

120 926 123 931 .
141 862 192 928 tio
204 862 541 948 non'displicebitei,
556 865 614 949 qui
627 864 726 930 modo
750 865 841 930 dicta
864 870 898 930 et
912 865 1032 936 seriem
1050 869 1246 976 narrationis

140 965 360 1049 expenderit:
394 964 514 1035 Σύλλαν
538 966 771 1051 partriarchae
792 965 972 1048 (Nicoleus
1002 966 1244 1048 Damascenus,

142 1067 365 1152 philosophus
393 1071 642 1155 peripateticus,
657 1069 770 1156 poeta,
801 1077 922 1150 orator,
942 1077 976 1136 et
997 1071 1173 1140 historicus
1201 1073 1245 1140 ab

145 1168 284 1236 Herode
305 1171 356 1238 Μ.
384 1171 580 1239 Judoeonrrn
608 1192 684 1256 rege
713 1179 823 1238 orator
845 1174 967 1238 missus
990 1173 1034 1238 ed
1058 1171 1248 1258 Augustum

145 1270 249 1357 Imp.)
269 1274 316 1339 τὸν
351 1272 501 1357 Ῥωμαίων
527 1274 689 1363 στρατηγὸν
714 1270 788 1339 οὕτω
810 1271 925 1364 guiguo
953 1272 1050 1356 μίμοις
1077 1276 1127 1338 καὶ
1152 1289 1248 1361 γυιων

146 1378 265 1450 τοποιοῖς
296 1374 457 1464 φιλόγελων
491 1376 648 1464 γενέμινον,
683 1377 720 1451 ὥς
751 1377 802 1442 καὶ
836 1380 933 1441 πολλὰ
954 1375 1017 1463 γῆς’
1032 1375 1127 1466 μίτρα
1154 1381 1249 1455 αὐτοῖς

141 1475 312 1565 χαρίζεσθαι
339 1484 388 1557 τῆς
414 1480 560 1564 δημοσίας.
609 1478 834 1568 ’Ennosigaeon
855 1481 878 1544 δ’
901 1481 1044 1545 αὐτοῦτὸ
1069 1482 1130 1569 περὶ
1156 1486 1251 1545 ταῦτα

148 1581 243 1669 ἱλαρὰν
258 1588 289 1647 ai
303 1586 346 1648 ὑπ’
360 1587 447 1648 αὐτοῦ
460 1588 614 1673 γραφιῖσαι
626 1585 782 1672 σατυρικαὶ
795 1583 938 1670 κωμῳδίαι
949 1584 1252 1673 τῇπατρῴῳφωνῇ.-

148 1684 239 1783 Quid
255 1689 358 1754 vero'i
380 1708 485 1754 noune
496 1689 620 1754 fabulis
635 1686 833 1754 Graecorum
847 1687 1147 1773 comico-satyricis
1161 1687 1254 1755 nter-

146 1789 255 1869 lnnes,
269 1792 314 1856 ab
338 1789 440 1859 Oscis
463 1781 629 1869 inventas,
653 1792 840 1858 simillimas
862 1791 969 1856 fuisse
991 1811 1094 1876 supro
1107 1790 1252 1877 professi

147 1895 284 1958 sumusi
308 1893 351 1959 Id
365 1895 500 1978 quidem
512 1915 579 1959 non
592 1894 845 1960 dissimilamus:
863 1895 1032 1959 enimvero
1045 1893 1118 1960 haec
1133 1913 1253 1959 conve·

146 1995 284 2075 nentia,
299 1997 328 2060 si
350 2016 418 2066 nnn
432 2003 515 2076 tota,
530 2004 619 2066 certe
632 1998 816 2076 maximam
829 2001 968 2081 Partem,
982 1996 1119 2066 foruna
1139 1995 1254 2084 potius

148 2097 251 2162 fuisse
273 2097 417 2179 videtur,
442 2119 543 2184 quum
566 2100 609 2164 ab
634 2098 818 2165 imitatione
840 2098 1000 2182 profecta.
1044 2097 1097 2164 Ea
1121 2117 1256 2182 quoque

147 2218 211 2266 non
224 2201 348 2266 nisiex
363 2200 665 2282 Grammaticorum
679 2201 872 2289 (Diomedis
888 2217 944 2270 111.
959 2221 993 2285 p.
1008 2200 1086 2266 487.
1101 2206 1136 2265 et
1151 2200 1255 2265 Marii

149 2300 314 2368 Victorini
328 2320 368 2370 11.
383 2325 417 2389 p.
429 2305 529 2372 2527.
554 2304 607 2372 ed.
633 2302 791 2389 Putsch.)
811 2304 1019 2381 testimoniis
1046 2303 1168 2389 quibus
1188 2321 1254 2367 non

149 2403 289 2483 nimium
311 2407 490 2493 tribuerim,
509 2427 673 2495 suspensa
687 2412 753 2490 est3
776 2411 809 2475 et
833 2407 1026 2499 neutiquam
1049 2403 1255 2484 dubitemne,

150 2508 231 2592 'quin
245 2515 367 2595 preater
380 2530 596 2595 personarum
611 2510 837 2577 diversitatem
856 2506 907 2594 (v.
923 2528 999 2603 sup.
1013 2513 1081 2573 not.
1096 2504 1169 2591 23.)
1189 2508 1258 2575 alia

152 2602 286 2697 quoquc
300 2613 615 2699 deprehenderentur
628 2613 830 2691 discrimina,
853 2613 884 2677 si
897 2612 952 2677 vel
965 2612 1065 2677 nnius
1086 2611 1208 2677 fabulae
1224 2616 1258 2679 et

153 2701 456 2802 comico-satyricae
471 2722 504 2783 et
514 2715 678 2793 Atellanae
694 2715 850 2803 exempla
863 2714 1068 2795 haberemus,
1082 2734 1158 2800 quae
1173 2734 1262 2780 com·

652 2905 759 2958 NO'I'AE

153 3006 191 3051 tet
212 2999 368 3052 Eichstaedt
387 3016 414 3067 p.
436 3006 478 3054 79.
505 3003 575 3054 ‘lile
595 3019 684 3056 versus
725 3002 818 3054 ecdem
841 3000 910 3053 forts
932 3000 989 3050 ioco
1013 2998 1127 3064 petenda
1143 3003 1185 3048 est
1206 2998 1261 3064 iux,

152 3078 263 3141 primum
281 3078 401 3130 universe
419 3081 513 3132 erratus
536 3089 587 3146 est,
606 3090 635 3134 et
653 3098 685 3135 eo
726 3094 803 3146 quem
815 3078 898 3129 adhuc
908 3076 1057 3129 desiderare
1073 3077 1193 3128 videntur
1205 3090 1261 3127 rer·

73 3151 76 3154 ’
152 3155 239 3218 modo,
253 3170 305 3219 quo
319 3155 491 3208 Grammatici
501 3158 574 3210 abuti
592 3162 686 3225 solent,
726 3157 761 3208 ba
771 3157 834 3219 Juv.
845 3169 907 3205 vrrs.
917 3158 974 3205 181.
985 3160 1013 3205 et
1023 3168 1087 3204 xrrr.
1097 3159 1152 3204 111.

152 3229 237 3294 idest,
255 3245 307 3281 non
323 3231 611 3299 indicatofonte,unde
623 3234 686 3288 due.
758 3238 793 3284 44
818 3232 934 3283 undem
952 3231 1163 3296 explicationem,
1185 3245 1263 3297 quam

152 3313 194 3358 trs
204 3309 249 3359 sit.
284 3307 391 3359 Deinde
402 3315 476 3362 nuto
486 3312 512 3363 ai
531 3313 613 3364 minus
625 3312 687 3365 fidei
727 3310 803 3361 nohis
820 3309 950 3375 suggessit
961 3308 1114 3359 narrationis
1126 3308 1217 3370 series,
1234 3308 1261 3358 in

152 3382 300 3435 mumdum
318 3383 397 3449 duco,
411 3393 508 3451 quanto
526 3387 688 3453 manifestius
727 3388 785 3451 ders.
796 3387 862 3450 sug.
877 3388 930 3437 Is‘t.
947 3387 1012 3436 Zeit.
1030 3401 1055 3436 c.
1070 3390 1143 3435 1796.
1157 3385 1190 3437 N.
1206 3388 1264 3437 rol.

153 3466 202 3526 est,
229 3460 355 3525 Marium,
375 3467 404 3512 ut
425 3463 527 3528 singula
547 3471 690 3527 metrorum
730 3463 916 3531 proposuitrir
930 3461 1035 3528 quidam
1054 3460 1156 3525 doctus,
1172 3458 1266 3511 cuirc-

155 3550 251 3602 genera
270 3537 399 3601 exemplis
417 3539 569 3605 illustraret,
584 3548 612 3593 et
628 3543 691 3593 alibi
731 3548 837 3607 ceptum
848 3539 984 3590 referimus
999 3539 1137 3603 judicium,
1152 3538 1220 3603 quod
1232 3538 1266 3587 de

153 3620 245 3678 suopte
256 3612 360 3677 ingenio
371 3613 526 3669 confinxisse
535 3630 634 3682 versus,
646 3619 691 3684 qui
731 3620 775 3670 iiio
786 3619 866 3670 Marii
880 3618 1010 3668 Victorini
1027 3631 1103 3667 versu
1115 3616 1192 3665 modo
1207 3614 1266 3665 tuti-

155 3690 427 3747 interamnenses
449 3700 644 3763 responderent,
662 3704 691 3750 et
730 3711 797 3747 mus.
833 3695 968 3755 Atellanas
993 3692 1103 3758 fabulas,
1130 3692 1267 3743 hilaritatis

155 3774 239 3820 metre
248 3770 276 3819 in
294 3771 393 3837 primis,
411 3774 563 3838 Grecoruur
578 3781 691 3837 tanturn·
730 3773 814 3835 minus
825 3773 940 3827 honestae
953 3773 1051 3836 plenas,
1059 3769 1188 3834 designari
1199 3769 1267 3818 exis·

154 3846 375 3910 mndepoiitsrum
382 3852 583 3918 marchitima,
590 3854 690 3905 Latinis
731 3849 823 3900 timent
833 3847 989 3911 Eichstaedt
999 3862 1025 3910 p.
1033 3851 1048 3896 7
1051 3851 1074 3897 7.
1085 3853 1113 3895 et
1123 3844 1232 3896 Casanh.
1240 3859 1267 3907 p.

157 3924 270 3974 numeris
281 3927 449 3989 expressisse.
478 3929 558 3994 Cujus
570 3930 609 3980 rei
620 3932 690 3985 locu·
730 3930 791 3984 24³-
808 3926 853 3990 qui
864 3932 951 3974 tamen
963 3939 990 3988 p.
1000 3928 1040 3974 91.
1051 3923 1201 3973 dubitanter
1211 3920 1267 3969 dix·

158 4000 257 4051 lentum
285 4005 433 4070 exemplum
461 4006 548 4057 inveni
573 4008 591 4057 1.
613 4021 645 4058 ιι.
663 4023 691 4072 p.
733 4008 800 4066 erat,
810 4001 909 4052 inbutas
920 4001 975 4051 ilias
984 4000 1170 4051 relAtelianas
1178 3996 1268 4065 fuisse,

159 4078 240 4128 ²546!
262 4077 533 4133 ‚Ceternmercich
546 4081 694 4146 hinteliigi·
733 4081 779 4131 vel
808 4079 977 4142 tabernarias,
1005 4084 1050 4129 aut
1078 4082 1150 4127 certe
1177 4075 1268 4124 mimos

160 4160 211 4216 tur,
220 4155 319 4218 Mimis,
330 4156 353 4206 si
367 4172 420 4206 uon
431 4158 558 4209 unitatem
575 4159 694 4223 actionis,
734 4158 867 4223 quosdam.
911 4157 973 4221 Ipsa
1003 4155 1121 4204 dramata
1153 4152 1268 4216 satyrica

161 4245 254 4283 nexum
266 4239 353 4287 minen
362 4241 390 4286 et
400 4235 566 4299 solutionem,
575 4236 696 4303 marini·
733 4234 875 4298 significari
884 4234 941 4284 vuit
959 4231 1055 4296 Krsuig
1069 4245 1097 4296 p.
1113 4233 1156 4280 2⁴.
1172 4244 1207 4278 ne
1224 4227 1269 4278 fri·

164 4309 309 4359 mafabulne
323 4318 464 4375 momenta,
475 4311 605 4376 defuisse,
623 4318 651 4363 et
661 4323 695 4361 ex
735 4320 816 4374 geant
828 4311 908 4361 verbs
917 4316 1035 4360 extrema
1046 4311 1077 4376 ηῑ
1087 4306 1186 4373 carpto
1194 4308 1270 4374 φωνῇ.

228 4403 350 4470 niune
366 4404 423 4456 rer.
437 4406 501 4458 cui.
541 4442 543 4449 .
658 4381 761 4483 ‘run
1184 4404 1206 4453 r
