3059 4925
617 358 841 410 susurrum.
1239 339 1286 405 37
1370 323 1375 332 “

171 501 281 601 'quam
292 511 396 579 'etiam
409 499 555 578 'veterum
568 497 707 578 errores.
753 508 906 576 Paridem
920 511 1013 577 ilium
1027 507 1176 575 seniorem
1190 511 1283 578 intel·

177 607 288 701 iigunt‘
297 618 377 681 vitae
392 614 415 680 J
417 616 568 681 uveualis
583 622 701 681 auctor
714 613 923 700 Anonymus,
938 620 1081 681 etvetus
1101 616 1169 693 ille,
1185 629 1283 699 quem

169 720 350 798 habmus,
380 718 554 784 Iuvenalis
582 720 756 802 interpres,
790 704 933 783 Claudii
955 719 1108 783 nimirum
1140 717 1285 783 Neronis

179 821 344 901 libertum
359 842 381 886 a
394 822 540 888 Patrono
554 824 644 906 ipso,
660 830 698 888 ut
712 822 782 887 Dio
796 822 855 889 lib.
874 839 908 887 u.
920 827 955 888 et
969 821 1144 888 Suetonius
1160 822 1241 889 Ner.
1256 844 1285 888 c.

170 927 234 990 Μ.
247 930 420 1003 testantur,
436 925 646 990 interfectum.
691 925 837 991 Proinde
859 926 902 990 ad
925 924 1118 994 Neroniana
1137 933 1287 1010 tempora

179 1029 239 1092 iila
259 1027 358 1093 refert
379 1028 582 1095 Scholiastes
602 1029 664 1108 <ad
690 1029 763 1095 Sat.
781 1047 849 1094 vrr.
863 1027 936 1113 92.)
957 1030 1130 1115 inquibus
1152 1028 1285 1094 Paridis

180 1132 381 1195 mentionem
402 1129 482 1195 iecit
498 1130 521 1196 J
524 1127 685 1197 uvonolis.
729 1131 787 1198 Ita
804 1127 986 1197 Domitiani
1000 1139 1150 1218 tempora
1163 1133 1285 1217 pertin·

170 1251 257 1314 gere
270 1231 444 1304 Juvenolis
458 1254 525 1299 non
547 1237 704 1320 potuerit,
731 1237 789 1319 qui
811 1238 913 1321 paulo
932 1245 1002 1320 port
1016 1232 1143 1299 exitium
1157 1234 1285 1314 obierit,

170 1334 272 1418 fquod
287 1341 408 1414 tumen,
430 1337 484 1401 vel
505 1357 550 1401 ex
570 1339 646 1422 ipso
662 1337 845 1403 Satirarum
859 1357 970 1425 opere,
994 1343 1124 1405 constat
1138 1357 1212 1403 esso
1225 1337 1287 1403 fal·
1382 1377 1385 1384 ι

180 1438 363 1501 sissimum.
385 1437 490 1523 Atqui
494 1440 655 1526 juniorem
669 1441 763 1505 illum
777 1440 883 1506 fuisse
900 1439 1051 1505 Paridem
1062 1460 1084 1506 o
1094 1441 1286 1506 Domitiano

180 1557 322 1620 cassum,
338 1564 434 1627 quem
454 1545 644 1630 perstrinxit
662 1543 685 1609 J
688 1546 848 1625 uvenolis,
867 1546 920 1610 vel
935 1546 1012 1612 indo
1035 1547 1178 1624 constat,
1195 1539 1285 1630 quod

181 1644 323 1710 Statium
330 1647 466 1732 po‘e‘tam
480 1649 580 1728 dieat,
592 1656 672 1734 post
686 1651 858 1715 recitatum
869 1669 946 1714 uum
960 1650 1059 1714 tande
1069 1649 1284 1736 Thebaidem,

179 1747 323 1832 Agaven
345 1769 441 1815 suam
463 1750 663 1835 tragoediam
677 1751 798 1817 Paridi
813 1752 862 1817 illi
879 1753 1076 1818 vendidisse.
1122 1753 1191 1816 Hic
1206 1765 1287 1817 sane

179 1850 309 1915 Statius
324 1852 368 1916 ab
383 1870 436 1928 eo,
459 1871 559 1936 quem
581 1853 753 1933 habemus,
778 1854 863 1918 alius
878 1874 953 1920 esse
967 1874 1033 1919 non
1047 1856 1162 1939 potuit.
1207 1854 1289 1920 Edi·

179 1952 276 2018 derat
291 1952 347 2016 ilie
356 1951 560 2019 '1⁷irebnidem
573 1973 670 2020 suam
684 1955 786 2039 paulo
801 1963 1008 2040 anteaquam
1023 1958 1165 2041 primum
1179 1958 1290 2021 ederet

180 2047 360 2139 Syl'vnrum
381 2056 522 2122 librum:
547 2058 722 2141 probatam
741 2059 897 2122 nimirum
914 2064 1014 2123 anteo
1028 2058 1287 2123 recitationibus,

175 2156 239 2220 lta
252 2159 331 2239 post
343 2157 473 2222 initium
488 2158 686 2237 Domitiani,
700 2164 733 2224 et
747 2166 858 2224 tamen
873 2166 947 2225 ante
963 2159 1098 2225 Paridis
1114 2160 1240 2225 caedem
1255 2164 1291 2224 et

181 2257 360 2341 repudium
401 2259 573 2339 Domitiae,
597 2257 759 2344 -Agaven
785 2262 969 2329 vendiderit
997 2267 1127 2347 oportet
1154 2261 1290 2327 Statius.

174 2358 280 2425 ⁴Adeo
304 2359 466 2444 preterea
491 2359 615 2428 certum
638 2369 703 2441 ost,
725 2371 796 2448 post
821 2363 929 2428 cadem
954 2361 1136 2430 Domitiani
1161 2364 1290 2431 Satires

180 2466 357 2548 scripsisse
385 2464 595 2546 Juvenalem,
625 2472 662 2530 ut
690 2466 809 2531 mirum
838 2469 883 2533 sit
911 2467 1070 2553 proiecto,
1095 2468 1239 2533 monitos
1268 2476 1291 2533 a

173 2567 312 2652 «Liparo,
337 2567 412 2652 (lib.
444 2585 495 2632 ιν.
521 2567 630 2653 Epist.
646 2567 778 2648 Quaest.
794 2590 847 2655 ep.
862 2572 930 2650 20.)
952 2577 986 2636 et
1010 2570 1176 2636 Salmasio
1194 2569 1237 2634 de
1250 2590 1291 2636 eo

180 2671 327 2755 amplius
353 2670 502 2736 dubitare
525 2690 626 2756 posse
657 2673 747 2738 viros
774 2673 934 2740 eruditos.
990 2672 1070 2738 Non
1096 2680 1209 2758 repeto
1233 2674 1289 2739 hio

181 2778 385 2856 argumenta,
396 2775 470 2860 jam
484 2774 528 2840 ab
538 2774 605 2839 illis
620 2775 699 2841 olim
713 2777 897 2843 observata.
934 2776 1069 2841 Novum
1084 2776 1184 2856 addo,
1200 2777 1291 2861 quod

180 2877 260 2943 illos
272 2876 413 2960 fugerat,
425 2877 485 2942 sed
500 2896 580 2963 vero
593 2878 690 2962 longe
704 2881 932 2945 certissimum.
968 2875 1111 2942 Mariam
1126 2879 1181 2944 ille
1198 2876 1291 2942 Pris-

181 3000 252 3043 cum
264 2980 348 3044 dicit
359 2978 442 3059 (Sat.
460 2996 491 3045 Ι..
499 2982 551 3046 47.
562 3001 635 3066 sqq.
650 2987 775 3048 etvtlt.
785 2979 880 3066 120.)
891 3002 988 3066 nuper
997 2978 1094 3068 Afros
1105 2979 1291 3059 discinrisse,

175 3083 323 3167 proinde
336 3078 453 3146 erotem
467 3082 592 3150 foetum
606 3084 797 3150 damnatum
811 3085 1064 3170 repetundarum
1076 3107 1086 3166 3
1117 3086 1166 3149 sic
1181 3090 1292 3150 tamen

177 3192 221 3250 ut
236 3180 313 3249 Diis
325 3186 399 3269 ipse
412 3184 503 3248 iratis
514 3183 694 3271 frerentur,
713 3186 875 3272 provincio
892 3193 1001 3253 autern
1016 3182 1129 3250 victrix
1139 3183 1295 3269 ploraret.

184 3286 287 3352 Hanc
301 3288 413 3370 ipsam
425 3286 581 3353 Afrorum
596 3308 733 3355 causam
757 3309 870 3355 eoram
883 3289 1032 3373 Trojano
1057 3290 1189 3354 tertium
1203 3287 1292 3352 Con·

181 3390 256 3455 sule
271 3389 401 3454 Plinius
415 3391 483 3473 egit
496 3408 607 3455 menso
620 3389 643 3455 J
645 3392 782 3457 anuntio
796 3391 873 3455 anni
882 3408 914 3454 c.
926 3398 959 3456 et
970 3390 1104 3475 quidem
1114 3410 1153 3454 eo
1163 3396 1291 3468 eventu,

175 3501 220 3559 ut
230 3490 412 3577 raptufitco
421 3493 661 3572 addicerentur,
672 3514 750 3578 quae
760 3512 864 3558 causa
873 3498 944 3557 erat
953 3491 1121 3577 provincia
1132 3490 1292 3575 plorandi,

184 3596 323 3681 reliquis
338 3596 411 3679 ipso
434 3595 468 3658 ia
487 3590 580 3658 esitio
594 3591 774 3680 frueretur.
797 3594 850 3680 (v.
874 3594 961 3659 Ptin.
986 3593 1051 3678 Ep.
1069 3611 1108 3658 11.
1128 3594 1177 3658 ll..
1192 3594 1246 3658 12.
1261 3605 1294 3664 et

184 3696 313 3781 Poneg.
330 3718 359 3763 e.
373 3696 446 3782 76.)
467 3697 552 3764 Sunt
573 3704 607 3764 et
624 3696 682 3764 illa
703 3699 877 3764 Juvenalis
900 3699 941 3764 de
966 3698 1158 3763 Domitiano
1173 3699 1293 3763 verba:
1340 3670 1343 3679 ’

182 3802 273 3886 (Sat.
290 3817 341 3866 ιν.
356 3800 411 3866 37.
425 3798 498 3886 38.)

160 3946 182 4011 .'
230 3950 315 4019 Cum
326 3952 400 4038 jam
415 3950 641 4019 semianimem
654 3954 816 4019 laseraret
828 3952 966 4018 Flavius
980 3952 1092 4016 urbem

204 4044 434 4135 'Ultimus'et
449 4057 544 4122 calvo
560 4057 698 4121 serviret
710 4054 822 4120 Romo
837 4050 976 4118 Neroni.

183 4207 276 4275 Haec
306 4208 408 4274 verba
437 4207 481 4271 ad
510 4205 637 4272 esitium
666 4207 778 4293 potitae
808 4205 920 4274 retulit
948 4209 1042 4270 veturs
1077 4170 1293 4267 Scholiasta.
